date,sales
1/4/2017,1920
1/4/2017,288
1/4/2017,1800
1/4/2017,464
1/4/2017,288
1/4/2017,2
1/4/2017,348
1/4/2017,912
1/4/2017,132
1/4/2017,216
1/4/2017,24
1/4/2017,24
1/4/2017,72
1/4/2017,48
1/4/2017,24
1/4/2017,72
1/4/2017,48
1/4/2017,24
1/4/2017,216
1/4/2017,72
1/4/2017,264
1/4/2017,24
1/4/2017,84
1/4/2017,48
1/4/2017,456
1/4/2017,12
1/4/2017,456
1/4/2017,24
1/4/2017,192
1/4/2017,120
1/5/2017,780
1/5/2017,720
1/5/2017,208
1/5/2017,192
1/5/2017,72
1/5/2017,288
1/5/2017,1248
1/5/2017,36
1/5/2017,48
1/5/2017,24
1/5/2017,24
1/5/2017,24
1/5/2017,144
1/5/2017,336
1/5/2017,12
1/5/2017,24
1/5/2017,24
1/5/2017,156
1/7/2017,300
1/7/2017,304
1/7/2017,60
1/7/2017,176
1/7/2017,768
1/7/2017,96
1/7/2017,48
1/7/2017,192
1/7/2017,1512
1/7/2017,60
1/7/2017,360
1/9/2017,1200
1/9/2017,192
1/9/2017,420
1/9/2017,192
1/9/2017,72
1/9/2017,456
1/9/2017,180
1/9/2017,12
1/9/2017,24
1/9/2017,24
1/9/2017,384
1/9/2017,120
1/9/2017,144
1/10/2017,84
1/10/2017,12
1/10/2017,144
1/10/2017,72
1/10/2017,48
1/10/2017,72
1/10/2017,264
1/11/2017,300
1/11/2017,128
1/11/2017,60
1/11/2017,48
1/11/2017,504
1/11/2017,2184
1/11/2017,240
1/11/2017,72
1/11/2017,11
1/11/2017,168
1/11/2017,144
1/11/2017,184
1/11/2017,72
1/11/2017,72
1/11/2017,120
1/11/2017,192
1/11/2017,24
1/11/2017,216
1/11/2017,24
1/11/2017,744
1/11/2017,24
1/11/2017,96
1/11/2017,48
1/11/2017,24
1/11/2017,72
1/12/2017,600
1/12/2017,192
1/12/2017,336
1/12/2017,60
1/12/2017,12
1/12/2017,120
1/12/2017,24
1/12/2017,72
1/12/2017,288
1/12/2017,144
1/12/2017,24
1/13/2017,72
1/13/2017,12
1/13/2017,24
1/13/2017,60
1/13/2017,24
1/13/2017,192
1/13/2017,48
1/16/2017,60
1/16/2017,864
1/16/2017,9540
1/16/2017,4584
1/16/2017,5196
1/16/2017,180
1/16/2017,24
1/16/2017,24
1/16/2017,72
1/16/2017,96
1/16/2017,192
1/16/2017,72
1/16/2017,72
1/17/2017,60
1/17/2017,240
1/17/2017,96
1/17/2017,192
1/17/2017,72
1/17/2017,72
1/17/2017,36
1/17/2017,48
1/17/2017,48
1/17/2017,24
1/17/2017,192
1/17/2017,552
1/17/2017,1296
1/17/2017,24
1/18/2017,2160
1/18/2017,1440
1/18/2017,336
1/18/2017,192
1/18/2017,864
1/18/2017,24
1/18/2017,72
1/18/2017,48
1/18/2017,96
1/18/2017,24
1/18/2017,120
1/18/2017,48
1/18/2017,408
1/18/2017,72
1/18/2017,48
1/19/2017,4020
1/19/2017,2640
1/19/2017,80
1/19/2017,576
1/19/2017,36
1/19/2017,192
1/19/2017,1056
1/19/2017,84
1/19/2017,108
1/19/2017,12
1/19/2017,96
1/19/2017,24
1/19/2017,24
1/19/2017,24
1/19/2017,96
1/19/2017,744
1/19/2017,12
1/19/2017,24
1/19/2017,168
1/19/2017,48
1/19/2017,144
1/20/2017,120
1/20/2017,960
1/20/2017,144
1/20/2017,2040
1/20/2017,300
1/20/2017,5712
1/23/2017,480
1/23/2017,16
1/23/2017,288
1/23/2017,324
1/23/2017,12
1/23/2017,24
1/23/2017,96
1/23/2017,264
1/23/2017,384
1/23/2017,552
1/23/2017,60
1/23/2017,1440
1/23/2017,173
1/23/2017,4
1/23/2017,153
1/23/2017,408
1/23/2017,60
1/23/2017,408
1/24/2017,336
1/24/2017,96
1/24/2017,3276
1/24/2017,84
1/24/2017,12
1/24/2017,48
1/24/2017,264
1/25/2017,900
1/25/2017,368
1/25/2017,420
1/25/2017,160
1/25/2017,288
1/25/2017,12
1/25/2017,1536
1/25/2017,456
1/25/2017,1824
1/25/2017,420
1/25/2017,132
1/25/2017,12
1/25/2017,72
1/25/2017,96
1/25/2017,84
1/25/2017,480
1/25/2017,48
1/25/2017,72
1/25/2017,96
1/25/2017,48
1/25/2017,24
1/25/2017,744
1/25/2017,12
1/25/2017,120
1/25/2017,888
1/25/2017,48
1/25/2017,624
1/26/2017,288
1/26/2017,16
1/26/2017,48
1/26/2017,120
1/26/2017,24
1/26/2017,72
1/26/2017,1200
1/26/2017,72
1/26/2017,24
1/26/2017,24
1/27/2017,480
1/27/2017,16
1/27/2017,660
1/27/2017,32
1/27/2017,144
1/27/2017,48
1/27/2017,48
1/27/2017,84
1/27/2017,96
1/27/2017,48
1/27/2017,24
1/27/2017,24
1/27/2017,96
1/27/2017,144
1/27/2017,36
1/27/2017,96
1/30/2017,48
1/30/2017,12
1/30/2017,24
1/30/2017,336
1/30/2017,72
1/30/2017,120
1/30/2017,12
1/30/2017,48
1/30/2017,72
1/30/2017,70
1/30/2017,192
1/30/2017,264
1/30/2017,12
1/30/2017,72
1/30/2017,192
1/30/2017,240
1/30/2017,60
1/30/2017,144
1/30/2017,36
1/30/2017,48
1/31/2017,432
1/31/2017,720
1/31/2017,48
1/31/2017,24
1/31/2017,264
1/31/2017,12
1/31/2017,288
1/31/2017,12
1/31/2017,144
1/31/2017,1056
1/31/2017,24
1/31/2017,360
1/31/2017,120
1/31/2017,24
2/1/2017,2400
2/1/2017,1920
2/1/2017,192
2/1/2017,192
2/1/2017,24
2/1/2017,24
2/1/2017,24
2/1/2017,24
2/1/2017,24
2/1/2017,72
2/1/2017,120
2/1/2017,12
2/1/2017,24
2/2/2017,2400
2/2/2017,304
2/2/2017,1440
2/2/2017,128
2/2/2017,384
2/2/2017,96
2/2/2017,444
2/2/2017,1752
2/2/2017,108
2/2/2017,96
2/2/2017,24
2/2/2017,72
2/2/2017,72
2/2/2017,12
2/2/2017,48
2/2/2017,72
2/2/2017,48
2/2/2017,72
2/2/2017,24
2/2/2017,96
2/2/2017,216
2/2/2017,12
2/2/2017,48
2/2/2017,24
2/2/2017,264
2/2/2017,216
2/3/2017,120
2/3/2017,336
2/3/2017,960
2/3/2017,272
2/3/2017,96
2/3/2017,144
2/3/2017,60
2/3/2017,72
2/3/2017,12
2/3/2017,24
2/3/2017,144
2/3/2017,144
2/6/2017,300
2/6/2017,144
2/6/2017,48
2/6/2017,96
2/6/2017,216
2/6/2017,384
2/6/2017,12
2/6/2017,168
2/6/2017,48
2/6/2017,72
2/6/2017,312
2/6/2017,96
2/6/2017,96
2/7/2017,192
2/7/2017,432
2/7/2017,96
2/7/2017,144
2/7/2017,60
2/7/2017,132
2/7/2017,528
2/7/2017,528
2/7/2017,528
2/7/2017,48
2/7/2017,528
2/7/2017,528
2/7/2017,192
2/7/2017,1440
2/7/2017,144
2/7/2017,360
2/8/2017,1680
2/8/2017,960
2/8/2017,384
2/8/2017,60
2/8/2017,600
2/8/2017,24
2/9/2017,300
2/9/2017,112
2/9/2017,120
2/9/2017,192
2/9/2017,48
2/9/2017,348
2/9/2017,2016
2/9/2017,180
2/9/2017,132
2/9/2017,96
2/9/2017,48
2/9/2017,12
2/9/2017,72
2/9/2017,72
2/9/2017,144
2/9/2017,24
2/9/2017,24
2/9/2017,24
2/9/2017,24
2/9/2017,696
2/9/2017,72
2/9/2017,792
2/9/2017,1584
2/9/2017,24
2/9/2017,144
2/10/2017,60
2/10/2017,240
2/10/2017,144
2/10/2017,168
2/10/2017,96
2/10/2017,12
2/10/2017,1200
2/13/2017,60
2/13/2017,60
2/13/2017,48
2/13/2017,96
2/13/2017,120
2/13/2017,120
2/13/2017,252
2/13/2017,24
2/13/2017,120
2/13/2017,12
2/13/2017,24
2/13/2017,24
2/13/2017,48
2/13/2017,96
2/13/2017,120
2/13/2017,24
2/13/2017,24
2/13/2017,336
2/13/2017,60
2/13/2017,72
2/13/2017,336
2/13/2017,24
2/14/2017,60
2/14/2017,16
2/15/2017,8688
2/15/2017,828
2/15/2017,10428
2/15/2017,108
2/15/2017,48
2/15/2017,24
2/15/2017,12
2/16/2017,1920
2/16/2017,96
2/16/2017,1500
2/16/2017,112
2/16/2017,624
2/16/2017,60
2/16/2017,1440
2/16/2017,2328
2/16/2017,432
2/16/2017,2040
2/16/2017,168
2/16/2017,216
2/16/2017,12
2/16/2017,72
2/16/2017,24
2/16/2017,24
2/16/2017,96
2/16/2017,96
2/16/2017,168
2/16/2017,120
2/16/2017,72
2/16/2017,96
2/16/2017,528
2/16/2017,72
2/16/2017,24
2/16/2017,48
2/16/2017,480
2/17/2017,1320
2/17/2017,64
2/17/2017,720
2/17/2017,560
2/17/2017,144
2/17/2017,18
2/17/2017,576
2/17/2017,1920
2/17/2017,24
2/17/2017,24
2/17/2017,96
2/17/2017,216
2/17/2017,24
2/21/2017,840
2/21/2017,32
2/21/2017,600
2/21/2017,224
2/21/2017,108
2/21/2017,48
2/21/2017,48
2/21/2017,84
2/21/2017,24
2/21/2017,12
2/21/2017,24
2/21/2017,24
2/21/2017,96
2/21/2017,312
2/21/2017,336
2/21/2017,12
2/21/2017,24
2/21/2017,552
2/21/2017,12
2/21/2017,12
2/21/2017,240
2/23/2017,900
2/23/2017,1260
2/23/2017,288
2/23/2017,732
2/23/2017,1656
2/23/2017,612
2/23/2017,132
2/23/2017,12
2/23/2017,72
2/23/2017,72
2/23/2017,24
2/23/2017,48
2/23/2017,72
2/23/2017,96
2/23/2017,120
2/23/2017,216
2/23/2017,1104
2/23/2017,12
2/23/2017,120
2/23/2017,96
2/23/2017,96
2/23/2017,168
2/24/2017,96
2/24/2017,120
2/24/2017,496
2/24/2017,432
2/24/2017,19764
2/24/2017,132
2/24/2017,48
2/24/2017,12
2/24/2017,12
2/24/2017,12
2/24/2017,72
2/24/2017,36
2/24/2017,312
2/24/2017,288
2/24/2017,444
2/27/2017,720
2/27/2017,32
2/27/2017,112
2/27/2017,228
2/27/2017,60
2/27/2017,96
2/27/2017,24
2/27/2017,192
2/27/2017,24
2/27/2017,432
2/27/2017,48
2/27/2017,24
2/27/2017,24
2/28/2017,840
2/28/2017,720
2/28/2017,240
2/28/2017,60
2/28/2017,180
2/28/2017,72
2/28/2017,132
2/28/2017,24
2/28/2017,72
2/28/2017,168
2/28/2017,432
2/28/2017,24
2/28/2017,24
3/1/2017,1920
3/1/2017,96
3/1/2017,660
3/1/2017,96
3/1/2017,528
3/1/2017,336
3/1/2017,240
3/1/2017,36
3/1/2017,12
3/1/2017,48
3/1/2017,72
3/1/2017,12
3/1/2017,24
3/1/2017,192
3/1/2017,72
3/1/2017,120
3/1/2017,24
3/1/2017,96
3/1/2017,24
3/1/2017,336
3/1/2017,48
3/1/2017,264
3/1/2017,156
3/1/2017,24
3/2/2017,300
3/2/2017,120
3/2/2017,24
3/2/2017,24
3/2/2017,144
3/2/2017,552
3/2/2017,1728
3/2/2017,144
3/2/2017,156
3/2/2017,48
3/2/2017,24
3/2/2017,144
3/2/2017,96
3/2/2017,36
3/2/2017,24
3/2/2017,72
3/3/2017,960
3/3/2017,96
3/3/2017,150
3/3/2017,12888
3/3/2017,5760
3/3/2017,36
3/3/2017,48
3/3/2017,12
3/3/2017,36
3/3/2017,24
3/3/2017,60
3/3/2017,288
3/3/2017,72
3/3/2017,48
3/6/2017,480
3/6/2017,120
3/6/2017,224
3/6/2017,192
3/6/2017,96
3/6/2017,96
3/6/2017,240
3/6/2017,12
3/6/2017,144
3/6/2017,24
3/6/2017,72
3/6/2017,720
3/7/2017,16
3/7/2017,120
3/7/2017,48
3/7/2017,1044
3/7/2017,72
3/7/2017,36
3/7/2017,396
3/7/2017,24
3/7/2017,96
3/7/2017,24
3/7/2017,24
3/7/2017,120
3/7/2017,264
3/7/2017,48
3/7/2017,24
3/7/2017,360
3/7/2017,24
3/7/2017,432
3/7/2017,456
3/7/2017,504
3/7/2017,5952
3/9/2017,3300
3/9/2017,144
3/9/2017,3180
3/9/2017,176
3/9/2017,720
3/9/2017,576
3/9/2017,456
3/9/2017,2136
3/9/2017,264
3/9/2017,252
3/9/2017,144
3/9/2017,24
3/9/2017,12
3/9/2017,24
3/9/2017,72
3/9/2017,48
3/9/2017,384
3/9/2017,1320
3/9/2017,96
3/9/2017,96
3/9/2017,168
3/9/2017,156
3/9/2017,408
3/10/2017,180
3/10/2017,112
3/10/2017,180
3/10/2017,576
3/10/2017,384
3/10/2017,288
3/10/2017,24
3/10/2017,48
3/10/2017,24
3/10/2017,1008
3/10/2017,432
3/13/2017,600
3/13/2017,464
3/13/2017,480
3/13/2017,368
3/13/2017,192
3/13/2017,60
3/13/2017,2652
3/13/2017,3396
3/13/2017,336
3/13/2017,324
3/13/2017,60
3/13/2017,72
3/13/2017,12
3/13/2017,24
3/13/2017,24
3/13/2017,96
3/13/2017,48
3/13/2017,264
3/13/2017,696
3/13/2017,24
3/13/2017,48
3/13/2017,240
3/13/2017,24
3/13/2017,240
3/13/2017,264
3/14/2017,240
3/14/2017,192
3/14/2017,720
3/14/2017,48
3/14/2017,864
3/14/2017,504
3/14/2017,3024
3/14/2017,72
3/14/2017,48
3/14/2017,24
3/14/2017,24
3/14/2017,24
3/14/2017,24
3/14/2017,312
3/14/2017,144
3/14/2017,24
3/14/2017,48
3/14/2017,240
3/15/2017,1200
3/15/2017,160
3/15/2017,1680
3/15/2017,32
3/15/2017,576
3/15/2017,576
3/15/2017,7128
3/15/2017,12
3/15/2017,480
3/15/2017,21216
3/15/2017,120
3/15/2017,108
3/15/2017,120
3/15/2017,24
3/15/2017,72
3/15/2017,72
3/15/2017,48
3/15/2017,48
3/15/2017,120
3/15/2017,24
3/15/2017,648
3/15/2017,120
3/15/2017,12
3/15/2017,24
3/15/2017,12
3/15/2017,216
3/15/2017,564
3/16/2017,192
3/16/2017,144
3/16/2017,576
3/16/2017,288
3/16/2017,96
3/16/2017,144
3/16/2017,48
3/16/2017,144
3/16/2017,24
3/16/2017,360
3/16/2017,336
3/16/2017,120
3/16/2017,192
3/16/2017,120
3/16/2017,36
3/16/2017,24
3/17/2017,576
3/17/2017,192
3/17/2017,48
3/17/2017,72
3/17/2017,48
3/17/2017,156
3/17/2017,24
3/17/2017,288
3/17/2017,48
3/17/2017,216
3/17/2017,144
3/17/2017,360
3/17/2017,84
3/17/2017,36
3/17/2017,888
3/20/2017,120
3/20/2017,60
3/20/2017,1440
3/20/2017,480
3/20/2017,264
3/20/2017,12
3/20/2017,24
3/20/2017,120
3/20/2017,264
3/20/2017,48
3/20/2017,48
3/20/2017,336
3/20/2017,120
3/20/2017,480
3/21/2017,60
3/21/2017,32
3/21/2017,96
3/21/2017,18
3/21/2017,1728
3/21/2017,480
3/21/2017,168
3/21/2017,48
3/21/2017,24
3/21/2017,72
3/21/2017,264
3/22/2017,1800
3/22/2017,540
3/22/2017,288
3/22/2017,2028
3/22/2017,1632
3/22/2017,7236
3/22/2017,396
3/22/2017,72
3/22/2017,312
3/22/2017,36
3/22/2017,96
3/22/2017,168
3/22/2017,192
3/22/2017,204
3/22/2017,24
3/23/2017,48
3/23/2017,384
3/23/2017,504
3/23/2017,1536
3/23/2017,192
3/23/2017,132
3/23/2017,72
3/23/2017,24
3/23/2017,24
3/23/2017,24
3/24/2017,840
3/24/2017,216
3/24/2017,420
3/24/2017,664
3/24/2017,432
3/24/2017,96
3/24/2017,1308
3/24/2017,636
3/24/2017,204
3/24/2017,96
3/24/2017,72
3/24/2017,96
3/24/2017,120
3/24/2017,12
3/24/2017,24
3/24/2017,144
3/24/2017,96
3/24/2017,120
3/24/2017,24
3/24/2017,264
3/24/2017,864
3/24/2017,552
3/24/2017,24
3/24/2017,144
3/24/2017,168
3/24/2017,336
3/24/2017,24
3/24/2017,144
3/27/2017,780
3/27/2017,540
3/27/2017,320
3/27/2017,144
3/27/2017,24
3/27/2017,432
3/27/2017,360
3/27/2017,312
3/27/2017,48
3/27/2017,24
3/27/2017,48
3/27/2017,24
3/27/2017,72
3/27/2017,48
3/27/2017,288
3/27/2017,24
3/27/2017,24
3/27/2017,864
3/27/2017,12
3/27/2017,120
3/27/2017,24
3/27/2017,48
3/28/2017,180
3/28/2017,48
3/28/2017,24
3/28/2017,36
3/28/2017,96
3/28/2017,84
3/28/2017,48
3/28/2017,24
3/28/2017,24
3/28/2017,408
3/29/2017,1020
3/29/2017,160
3/29/2017,1080
3/29/2017,240
3/29/2017,576
3/29/2017,96
3/29/2017,36
3/29/2017,24
3/29/2017,360
3/29/2017,24
3/30/2017,60
3/30/2017,180
3/30/2017,96
3/30/2017,48
3/30/2017,3336
3/30/2017,96
3/30/2017,2712
3/30/2017,264
3/30/2017,1296
3/30/2017,72
3/30/2017,168
3/30/2017,24
3/30/2017,168
3/30/2017,12
3/30/2017,96
3/30/2017,72
3/30/2017,72
3/30/2017,72
3/30/2017,120
3/30/2017,336
3/30/2017,36
3/30/2017,12
3/30/2017,384
3/30/2017,216
3/30/2017,24
3/31/2017,360
3/31/2017,120
3/31/2017,208
3/31/2017,4284
3/31/2017,312
3/31/2017,1500
3/31/2017,96
3/31/2017,264
3/31/2017,24
3/31/2017,24
3/31/2017,48
3/31/2017,36
3/31/2017,888
3/31/2017,24
3/31/2017,3024
4/3/2017,192
4/3/2017,96
4/3/2017,216
4/3/2017,288
4/3/2017,24
4/3/2017,24
4/3/2017,24
4/3/2017,96
4/3/2017,48
4/3/2017,240
4/3/2017,384
4/3/2017,24
4/3/2017,96
4/3/2017,48
4/3/2017,24
4/4/2017,176
4/4/2017,24
4/4/2017,648
4/4/2017,1488
4/4/2017,24
4/4/2017,12
4/4/2017,24
4/4/2017,96
4/4/2017,24
4/5/2017,540
4/5/2017,144
4/5/2017,660
4/5/2017,144
4/5/2017,240
4/5/2017,576
4/5/2017,384
4/5/2017,336
4/5/2017,1416
4/5/2017,120
4/5/2017,144
4/5/2017,48
4/5/2017,24
4/5/2017,96
4/5/2017,48
4/5/2017,168
4/5/2017,456
4/5/2017,108
4/5/2017,24
4/5/2017,408
4/5/2017,96
4/5/2017,192
4/6/2017,3360
4/6/2017,32
4/6/2017,3360
4/6/2017,128
4/6/2017,432
4/6/2017,120
4/6/2017,240
4/6/2017,264
4/6/2017,192
4/6/2017,48
4/6/2017,12
4/6/2017,72
4/6/2017,24
4/6/2017,96
4/6/2017,96
4/6/2017,264
4/6/2017,24
4/6/2017,1560
4/6/2017,108
4/6/2017,92
4/6/2017,21
4/6/2017,12
4/6/2017,48
4/6/2017,120
4/6/2017,444
4/7/2017,180
4/7/2017,180
4/7/2017,48
4/7/2017,528
4/7/2017,96
4/7/2017,816
4/7/2017,36
4/7/2017,12
4/7/2017,168
4/7/2017,192
4/7/2017,72
4/10/2017,160
4/10/2017,304
4/10/2017,12
4/10/2017,588
4/10/2017,36
4/10/2017,12
4/10/2017,24
4/10/2017,144
4/10/2017,24
4/10/2017,168
4/10/2017,48
4/10/2017,144
4/10/2017,72
4/10/2017,24
4/10/2017,24
4/10/2017,24
4/10/2017,192
4/10/2017,60
4/10/2017,24
4/10/2017,528
4/10/2017,12
4/11/2017,300
4/11/2017,16
4/11/2017,32
4/11/2017,1152
4/11/2017,504
4/11/2017,972
4/11/2017,72
4/11/2017,24
4/11/2017,12
4/11/2017,84
4/11/2017,396
4/11/2017,432
4/11/2017,2424
4/11/2017,72
4/11/2017,48
4/11/2017,235
4/11/2017,312
4/12/2017,1620
4/12/2017,16
4/12/2017,720
4/12/2017,16
4/12/2017,336
4/12/2017,6
4/12/2017,324
4/12/2017,192
4/12/2017,192
4/12/2017,468
4/12/2017,8832
4/12/2017,156
4/12/2017,180
4/12/2017,216
4/12/2017,96
4/12/2017,72
4/12/2017,96
4/12/2017,72
4/12/2017,744
4/12/2017,12
4/12/2017,12
4/12/2017,48
4/12/2017,192
4/12/2017,108
4/12/2017,72
4/13/2017,2040
4/13/2017,312
4/13/2017,240
4/13/2017,180
4/13/2017,12
4/13/2017,24
4/13/2017,24
4/13/2017,7
4/13/2017,7
4/13/2017,7
4/13/2017,271
4/13/2017,120
4/13/2017,1569
4/13/2017,312
4/13/2017,384
4/13/2017,24
4/13/2017,672
4/13/2017,120
4/13/2017,12
4/14/2017,24
4/14/2017,432
4/14/2017,432
4/14/2017,480
4/14/2017,12
4/14/2017,48
4/14/2017,48
4/14/2017,24
4/14/2017,144
4/14/2017,36
4/14/2017,168
4/14/2017,108
4/14/2017,2136
4/14/2017,12
4/14/2017,120
4/17/2017,480
4/17/2017,176
4/17/2017,48
4/17/2017,144
4/17/2017,78
4/17/2017,2088
4/17/2017,696
4/17/2017,1584
4/17/2017,264
4/17/2017,48
4/17/2017,96
4/17/2017,144
4/17/2017,24
4/17/2017,48
4/17/2017,24
4/17/2017,240
4/17/2017,24
4/17/2017,744
4/17/2017,36
4/17/2017,264
4/17/2017,48
4/17/2017,264
4/17/2017,36
4/18/2017,16
4/18/2017,60
4/18/2017,672
4/18/2017,12
4/18/2017,576
4/18/2017,888
4/18/2017,252
4/18/2017,72
4/18/2017,120
4/18/2017,36
4/18/2017,12
4/18/2017,72
4/18/2017,456
4/19/2017,1380
4/19/2017,272
4/19/2017,1500
4/19/2017,96
4/19/2017,672
4/19/2017,48
4/19/2017,744
4/19/2017,408
4/19/2017,384
4/19/2017,444
4/19/2017,1704
4/19/2017,384
4/19/2017,96
4/19/2017,48
4/19/2017,24
4/19/2017,72
4/19/2017,72
4/19/2017,48
4/19/2017,72
4/19/2017,240
4/19/2017,720
4/19/2017,12
4/19/2017,12
4/19/2017,24
4/19/2017,72
4/19/2017,12
4/19/2017,240
4/19/2017,24
4/19/2017,96
4/20/2017,600
4/20/2017,480
4/20/2017,192
4/20/2017,288
4/20/2017,96
4/20/2017,96
4/20/2017,60
4/20/2017,216
4/20/2017,12
4/20/2017,24
4/20/2017,48
4/20/2017,84
4/21/2017,24
4/21/2017,96
4/21/2017,240
4/21/2017,384
4/21/2017,48
4/21/2017,2400
4/21/2017,2592
4/21/2017,960
4/21/2017,600
4/21/2017,180
4/21/2017,48
4/21/2017,24
4/21/2017,96
4/21/2017,36
4/21/2017,144
4/24/2017,24
4/24/2017,24
4/24/2017,648
4/24/2017,2328
4/24/2017,408
4/24/2017,324
4/24/2017,36
4/24/2017,48
4/24/2017,48
4/24/2017,456
4/24/2017,12
4/24/2017,48
4/24/2017,24
4/24/2017,144
4/24/2017,432
4/24/2017,24
4/24/2017,24
4/24/2017,672
4/24/2017,24
4/24/2017,24
4/24/2017,120
4/24/2017,264
4/24/2017,288
4/25/2017,2400
4/25/2017,864
4/25/2017,264
4/25/2017,564
4/25/2017,12
4/25/2017,264
4/25/2017,36
4/25/2017,12
4/25/2017,48
4/25/2017,192
4/25/2017,432
4/25/2017,264
4/25/2017,24
4/26/2017,720
4/26/2017,660
4/26/2017,192
4/26/2017,288
4/26/2017,312
4/26/2017,624
4/26/2017,252
4/26/2017,7848
4/26/2017,372
4/26/2017,72
4/26/2017,48
4/26/2017,168
4/26/2017,48
4/26/2017,12
4/26/2017,48
4/26/2017,24
4/26/2017,672
4/26/2017,96
4/26/2017,144
4/26/2017,24
4/26/2017,456
4/26/2017,204
4/26/2017,12
4/26/2017,24
4/26/2017,24
4/26/2017,264
4/26/2017,24
4/26/2017,48
4/27/2017,1080
4/27/2017,240
4/27/2017,840
4/27/2017,144
4/27/2017,96
4/27/2017,624
4/27/2017,144
4/27/2017,732
4/27/2017,192
4/27/2017,840
4/27/2017,48
4/27/2017,84
4/27/2017,12
4/27/2017,120
4/27/2017,48
4/27/2017,12
4/27/2017,48
4/27/2017,48
4/27/2017,24
4/27/2017,24
4/27/2017,144
4/27/2017,24
4/27/2017,360
4/27/2017,12
4/27/2017,144
4/27/2017,228
4/27/2017,24
4/28/2017,324
4/28/2017,960
4/28/2017,936
4/28/2017,672
4/28/2017,1236
4/28/2017,48
4/28/2017,24
4/28/2017,24
4/28/2017,2184
4/28/2017,336
5/1/2017,64
5/1/2017,60
5/1/2017,64
5/1/2017,348
5/1/2017,864
5/1/2017,312
5/1/2017,936
5/1/2017,300
5/1/2017,48
5/1/2017,84
5/1/2017,36
5/1/2017,48
5/1/2017,48
5/1/2017,24
5/1/2017,48
5/1/2017,24
5/1/2017,216
5/1/2017,432
5/1/2017,24
5/1/2017,12
5/1/2017,528
5/1/2017,24
5/1/2017,48
5/2/2017,60
5/2/2017,167
5/2/2017,768
5/2/2017,456
5/2/2017,60
5/2/2017,120
5/2/2017,312
5/2/2017,12
5/2/2017,312
5/2/2017,72
5/2/2017,12
5/2/2017,480
5/2/2017,24
5/3/2017,1740
5/3/2017,1380
5/3/2017,384
5/3/2017,288
5/3/2017,144
5/3/2017,180
5/3/2017,1032
5/3/2017,444
5/3/2017,12
5/3/2017,72
5/3/2017,48
5/3/2017,24
5/3/2017,192
5/3/2017,48
5/3/2017,24
5/3/2017,648
5/3/2017,24
5/3/2017,108
5/3/2017,504
5/3/2017,36
5/3/2017,24
5/4/2017,480
5/4/2017,300
5/4/2017,2616
5/4/2017,1296
5/4/2017,948
5/4/2017,1212
5/4/2017,744
5/4/2017,1104
5/4/2017,144
5/4/2017,156
5/4/2017,48
5/4/2017,48
5/4/2017,12
5/4/2017,48
5/4/2017,288
5/4/2017,48
5/4/2017,168
5/4/2017,336
5/4/2017,24
5/4/2017,168
5/4/2017,336
5/4/2017,36
5/4/2017,1032
5/4/2017,12
5/5/2017,60
5/5/2017,48
5/5/2017,5281
5/5/2017,552
5/5/2017,1272
5/5/2017,60
5/5/2017,12
5/5/2017,24
5/5/2017,96
5/5/2017,48
5/5/2017,1104
5/5/2017,384
5/8/2017,60
5/8/2017,16
5/8/2017,24
5/8/2017,60
5/8/2017,1632
5/8/2017,564
5/8/2017,624
5/8/2017,420
5/8/2017,24
5/8/2017,36
5/8/2017,12
5/8/2017,48
5/8/2017,24
5/8/2017,72
5/8/2017,48
5/8/2017,312
5/8/2017,48
5/8/2017,24
5/8/2017,1344
5/8/2017,72
5/8/2017,120
5/8/2017,12
5/8/2017,696
5/8/2017,216
5/9/2017,1800
5/9/2017,1140
5/9/2017,912
5/9/2017,1824
5/9/2017,1260
5/9/2017,1248
5/9/2017,192
5/9/2017,7056
5/9/2017,12
5/9/2017,120
5/9/2017,24
5/9/2017,888
5/9/2017,216
5/10/2017,48
5/10/2017,48
5/10/2017,24
5/10/2017,288
5/10/2017,192
5/10/2017,300
5/10/2017,12
5/10/2017,72
5/10/2017,216
5/10/2017,24
5/10/2017,48
5/10/2017,24
5/10/2017,24
5/10/2017,96
5/10/2017,576
5/10/2017,96
5/10/2017,96
5/10/2017,24
5/10/2017,24
5/11/2017,180
5/11/2017,300
5/11/2017,36
5/11/2017,96
5/11/2017,24
5/11/2017,1788
5/11/2017,480
5/11/2017,1176
5/11/2017,492
5/11/2017,1800
5/11/2017,132
5/11/2017,192
5/11/2017,168
5/11/2017,48
5/11/2017,24
5/11/2017,816
5/11/2017,72
5/11/2017,24
5/11/2017,168
5/11/2017,24
5/11/2017,432
5/11/2017,12
5/11/2017,72
5/11/2017,48
5/11/2017,12
5/11/2017,960
5/11/2017,132
5/11/2017,48
5/12/2017,48
5/12/2017,192
5/12/2017,408
5/12/2017,5856
5/15/2017,960
5/15/2017,720
5/15/2017,336
5/15/2017,36
5/15/2017,1020
5/15/2017,132
5/15/2017,384
5/15/2017,24
5/15/2017,24
5/15/2017,12
5/15/2017,24
5/15/2017,24
5/15/2017,48
5/15/2017,48
5/15/2017,240
5/15/2017,288
5/15/2017,12
5/15/2017,120
5/15/2017,144
5/15/2017,48
5/16/2017,120
5/16/2017,60
5/16/2017,48
5/16/2017,5004
5/16/2017,96
5/16/2017,60
5/16/2017,144
5/16/2017,264
5/16/2017,36
5/16/2017,72
5/16/2017,120
5/16/2017,24
5/16/2017,96
5/16/2017,120
5/16/2017,96
5/17/2017,1560
5/17/2017,1320
5/17/2017,192
5/17/2017,60
5/17/2017,456
5/17/2017,2448
5/17/2017,108
5/17/2017,180
5/17/2017,72
5/17/2017,12
5/17/2017,24
5/17/2017,504
5/17/2017,72
5/17/2017,120
5/17/2017,312
5/17/2017,12
5/17/2017,24
5/17/2017,72
5/17/2017,24
5/17/2017,408
5/17/2017,48
5/17/2017,24
5/18/2017,60
5/18/2017,64
5/18/2017,24
5/18/2017,48
5/18/2017,24
5/18/2017,120
5/18/2017,48
5/18/2017,24
5/18/2017,48
5/18/2017,216
5/18/2017,24
5/18/2017,264
5/18/2017,48
5/18/2017,24
5/18/2017,24
5/18/2017,24
5/18/2017,24
5/18/2017,24
5/18/2017,888
5/18/2017,264
5/19/2017,5232
5/19/2017,2604
5/19/2017,3228
5/19/2017,12
5/19/2017,264
5/19/2017,12
5/19/2017,888
5/19/2017,168
5/22/2017,264
5/22/2017,180
5/22/2017,240
5/22/2017,48
5/22/2017,96
5/22/2017,924
5/22/2017,564
5/22/2017,1308
5/22/2017,828
5/22/2017,336
5/22/2017,36
5/22/2017,24
5/22/2017,72
5/22/2017,48
5/22/2017,240
5/22/2017,24
5/22/2017,288
5/22/2017,24
5/22/2017,24
5/22/2017,96
5/22/2017,96
5/22/2017,192
5/22/2017,600
5/22/2017,12
5/22/2017,144
5/23/2017,192
5/23/2017,144
5/23/2017,12
5/23/2017,24
5/23/2017,768
5/23/2017,24
5/24/2017,3960
5/24/2017,1080
5/24/2017,24
5/24/2017,432
5/24/2017,12
5/24/2017,96
5/24/2017,624
5/24/2017,672
5/24/2017,396
5/24/2017,7416
5/24/2017,60
5/24/2017,96
5/24/2017,48
5/24/2017,48
5/24/2017,36
5/24/2017,24
5/24/2017,24
5/24/2017,408
5/24/2017,48
5/24/2017,72
5/24/2017,720
5/24/2017,12
5/24/2017,48
5/24/2017,48
5/24/2017,72
5/24/2017,24
5/24/2017,96
5/24/2017,60
5/24/2017,48
5/25/2017,420
5/25/2017,180
5/25/2017,600
5/25/2017,576
5/25/2017,1248
5/25/2017,300
5/25/2017,72
5/25/2017,24
5/25/2017,12
5/25/2017,72
5/25/2017,48
5/25/2017,72
5/25/2017,168
5/25/2017,96
5/25/2017,168
5/25/2017,360
5/25/2017,288
5/25/2017,624
5/25/2017,72
5/25/2017,24
5/25/2017,24
5/25/2017,96
5/25/2017,12
5/25/2017,120
5/25/2017,36
5/25/2017,336
5/26/2017,300
5/26/2017,912
5/26/2017,72
5/26/2017,8808
5/26/2017,1776
5/26/2017,1224
5/26/2017,48
5/26/2017,12
5/26/2017,48
5/26/2017,192
5/26/2017,2592
5/26/2017,84
5/26/2017,288
5/30/2017,420
5/30/2017,1464
5/30/2017,372
5/30/2017,240
5/30/2017,24
5/30/2017,12
5/30/2017,1
5/30/2017,23
5/30/2017,14
5/30/2017,24
5/30/2017,72
5/30/2017,24
5/30/2017,24
5/30/2017,24
5/30/2017,144
5/31/2017,1560
5/31/2017,176
5/31/2017,1080
5/31/2017,160
5/31/2017,576
5/31/2017,348
5/31/2017,1044
5/31/2017,948
5/31/2017,996
5/31/2017,144
5/31/2017,24
5/31/2017,48
5/31/2017,48
5/31/2017,96
5/31/2017,288
5/31/2017,120
5/31/2017,24
5/31/2017,192
5/31/2017,840
5/31/2017,36
5/31/2017,24
5/31/2017,24
5/31/2017,24
5/31/2017,72
5/31/2017,24
5/31/2017,216
6/1/2017,16
6/1/2017,80
6/1/2017,72
6/1/2017,12
6/1/2017,420
6/1/2017,852
6/1/2017,1236
6/1/2017,468
6/1/2017,2976
6/1/2017,132
6/1/2017,120
6/1/2017,48
6/1/2017,24
6/1/2017,72
6/1/2017,24
6/1/2017,192
6/1/2017,48
6/1/2017,132
6/1/2017,12
6/1/2017,24
6/1/2017,288
6/1/2017,120
6/1/2017,144
6/2/2017,1440
6/2/2017,24
6/2/2017,120
6/2/2017,12
6/2/2017,48
6/2/2017,48
6/5/2017,1200
6/5/2017,1000
6/5/2017,960
6/5/2017,24
6/5/2017,240
6/5/2017,1488
6/5/2017,1596
6/5/2017,456
6/5/2017,768
6/5/2017,72
6/5/2017,72
6/5/2017,12
6/5/2017,12
6/5/2017,96
6/5/2017,24
6/5/2017,24
6/5/2017,192
6/5/2017,24
6/5/2017,24
6/5/2017,216
6/5/2017,72
6/5/2017,120
6/5/2017,96
6/5/2017,12
6/5/2017,96
6/5/2017,72
6/5/2017,504
6/6/2017,32
6/6/2017,72
6/6/2017,1440
6/6/2017,768
6/6/2017,1440
6/6/2017,204
6/6/2017,120
6/6/2017,24
6/6/2017,24
6/6/2017,24
6/6/2017,48
6/6/2017,24
6/6/2017,24
6/6/2017,48
6/6/2017,96
6/6/2017,120
6/7/2017,2460
6/7/2017,80
6/7/2017,1020
6/7/2017,624
6/7/2017,12
6/7/2017,192
6/7/2017,1044
6/7/2017,420
6/7/2017,600
6/7/2017,144
6/7/2017,48
6/7/2017,48
6/7/2017,48
6/7/2017,24
6/7/2017,24
6/7/2017,72
6/7/2017,144
6/7/2017,120
6/7/2017,120
6/7/2017,456
6/7/2017,12
6/7/2017,24
6/7/2017,24
6/7/2017,48
6/7/2017,48
6/7/2017,12
6/7/2017,24
6/7/2017,432
6/7/2017,48
6/7/2017,144
6/8/2017,960
6/8/2017,16
6/8/2017,300
6/8/2017,64
6/8/2017,96
6/8/2017,48
6/8/2017,48
6/8/2017,1584
6/8/2017,672
6/8/2017,672
6/8/2017,276
6/8/2017,4944
6/8/2017,108
6/8/2017,120
6/8/2017,192
6/8/2017,48
6/8/2017,24
6/8/2017,72
6/8/2017,48
6/8/2017,144
6/8/2017,48
6/8/2017,240
6/8/2017,360
6/8/2017,12
6/8/2017,24
6/8/2017,1584
6/8/2017,552
6/8/2017,768
6/9/2017,48
6/9/2017,48
6/9/2017,120
6/9/2017,72
6/9/2017,12
6/9/2017,3360
6/9/2017,3288
6/9/2017,768
6/9/2017,792
6/9/2017,216
6/9/2017,1968
6/9/2017,216
6/9/2017,36
6/9/2017,24
6/9/2017,240
6/9/2017,36
6/9/2017,24
6/9/2017,408
6/9/2017,384
6/12/2017,60
6/12/2017,60
6/12/2017,252
6/12/2017,768
6/12/2017,96
6/12/2017,192
6/12/2017,216
6/12/2017,144
6/12/2017,612
6/12/2017,12
6/12/2017,24
6/12/2017,24
6/12/2017,120
6/12/2017,48
6/12/2017,264
6/12/2017,24
6/12/2017,24
6/12/2017,24
6/12/2017,48
6/12/2017,72
6/12/2017,384
6/12/2017,228
6/12/2017,96
6/13/2017,60
6/13/2017,160
6/13/2017,192
6/13/2017,144
6/13/2017,1464
6/13/2017,780
6/13/2017,408
6/13/2017,36
6/13/2017,312
6/13/2017,48
6/13/2017,144
6/13/2017,936
6/13/2017,240
6/14/2017,1380
6/14/2017,32
6/14/2017,960
6/14/2017,336
6/14/2017,132
6/14/2017,576
6/14/2017,288
6/14/2017,984
6/14/2017,288
6/14/2017,2616
6/14/2017,384
6/14/2017,156
6/14/2017,144
6/14/2017,72
6/14/2017,24
6/14/2017,120
6/14/2017,48
6/14/2017,168
6/14/2017,1056
6/14/2017,84
6/14/2017,24
6/14/2017,12
6/14/2017,24
6/14/2017,36
6/14/2017,144
6/14/2017,72
6/14/2017,288
6/15/2017,56
6/15/2017,60
6/15/2017,384
6/15/2017,1728
6/15/2017,1200
6/15/2017,720
6/15/2017,120
6/15/2017,48
6/15/2017,12
6/15/2017,24
6/15/2017,72
6/15/2017,48
6/15/2017,48
6/15/2017,24
6/15/2017,24
6/15/2017,240
6/15/2017,456
6/15/2017,84
6/15/2017,24
6/15/2017,24
6/15/2017,24
6/15/2017,12
6/15/2017,120
6/15/2017,72
6/15/2017,864
6/16/2017,60
6/16/2017,16
6/16/2017,16
6/16/2017,6
6/16/2017,312
6/16/2017,2016
6/16/2017,96
6/16/2017,456
6/16/2017,48
6/16/2017,72
6/16/2017,24
6/16/2017,24
6/16/2017,648
6/16/2017,288
6/19/2017,16
6/19/2017,120
6/19/2017,48
6/19/2017,72
6/19/2017,1536
6/19/2017,468
6/19/2017,504
6/19/2017,228
6/19/2017,192
6/19/2017,48
6/19/2017,72
6/19/2017,144
6/19/2017,384
6/19/2017,48
6/19/2017,72
6/19/2017,12
6/19/2017,1848
6/19/2017,552
6/19/2017,288
6/20/2017,60
6/20/2017,160
6/20/2017,1872
6/20/2017,420
6/20/2017,384
6/20/2017,168
6/20/2017,72
6/20/2017,72
6/20/2017,12
6/20/2017,12
6/20/2017,48
6/20/2017,24
6/20/2017,72
6/20/2017,48
6/20/2017,12
6/20/2017,48
6/20/2017,36
6/20/2017,192
6/21/2017,1980
6/21/2017,524
6/21/2017,1620
6/21/2017,16
6/21/2017,288
6/21/2017,12
6/21/2017,360
6/21/2017,1740
6/21/2017,1272
6/21/2017,780
6/21/2017,456
6/21/2017,3480
6/21/2017,144
6/21/2017,144
6/21/2017,72
6/21/2017,96
6/21/2017,24
6/21/2017,120
6/21/2017,48
6/21/2017,48
6/21/2017,24
6/21/2017,120
6/21/2017,1440
6/21/2017,12
6/21/2017,24
6/21/2017,24
6/21/2017,24
6/21/2017,264
6/21/2017,84
6/21/2017,816
6/22/2017,1140
6/22/2017,720
6/22/2017,240
6/22/2017,144
6/22/2017,240
6/22/2017,408
6/22/2017,48
6/22/2017,48
6/22/2017,240
6/22/2017,12
6/22/2017,240
6/22/2017,252
6/22/2017,24
6/23/2017,288
6/23/2017,72
6/23/2017,336
6/23/2017,588
6/23/2017,144
6/23/2017,72
6/23/2017,48
6/23/2017,456
6/23/2017,36
6/23/2017,24
6/26/2017,840
6/26/2017,60
6/26/2017,24
6/26/2017,648
6/26/2017,84
6/26/2017,36
6/26/2017,180
6/26/2017,132
6/26/2017,48
6/26/2017,24
6/26/2017,504
6/26/2017,48
6/26/2017,48
6/26/2017,120
6/26/2017,48
6/26/2017,96
6/26/2017,96
6/26/2017,252
6/26/2017,24
6/27/2017,300
6/27/2017,360
6/27/2017,64
6/27/2017,144
6/27/2017,1728
6/27/2017,1116
6/27/2017,1212
6/27/2017,180
6/27/2017,24
6/27/2017,444
6/27/2017,48
6/27/2017,96
6/27/2017,72
6/27/2017,12
6/27/2017,72
6/27/2017,36
6/27/2017,1008
6/28/2017,900
6/28/2017,384
6/28/2017,720
6/28/2017,32
6/28/2017,432
6/28/2017,72
6/28/2017,960
6/28/2017,1272
6/28/2017,744
6/28/2017,852
6/28/2017,408
6/28/2017,4968
6/28/2017,132
6/28/2017,264
6/28/2017,96
6/28/2017,72
6/28/2017,12
6/28/2017,24
6/28/2017,72
6/28/2017,96
6/28/2017,72
6/28/2017,504
6/28/2017,168
6/28/2017,373
6/28/2017,266
6/28/2017,360
6/28/2017,36
6/28/2017,12
6/28/2017,48
6/28/2017,96
6/28/2017,24
6/28/2017,720
6/28/2017,36
6/28/2017,360
6/29/2017,48
6/29/2017,180
6/29/2017,72
6/29/2017,12
6/29/2017,4332
6/29/2017,1344
6/29/2017,1728
6/29/2017,2064
6/29/2017,324
6/29/2017,96
6/29/2017,36
6/29/2017,48
6/29/2017,24
6/29/2017,24
6/29/2017,144
6/29/2017,96
6/29/2017,288
6/29/2017,72
6/29/2017,48
6/29/2017,36
6/29/2017,192
6/29/2017,348
6/29/2017,312
6/30/2017,240
6/30/2017,384
6/30/2017,60
6/30/2017,48
6/30/2017,1536
6/30/2017,336
6/30/2017,888
6/30/2017,108
6/30/2017,72
6/30/2017,180
6/30/2017,12
6/30/2017,24
6/30/2017,24
6/30/2017,72
6/30/2017,21
6/30/2017,12
6/30/2017,48
6/30/2017,648
6/30/2017,504
6/30/2017,144
7/3/2017,900
7/3/2017,16
7/3/2017,720
7/3/2017,32
7/3/2017,240
7/3/2017,60
7/3/2017,12
7/3/2017,1644
7/3/2017,480
7/3/2017,516
7/3/2017,48
7/3/2017,48
7/3/2017,48
7/3/2017,120
7/3/2017,24
7/3/2017,48
7/3/2017,24
7/3/2017,24
7/3/2017,36
7/3/2017,432
7/5/2017,2100
7/5/2017,32
7/5/2017,2040
7/5/2017,432
7/5/2017,360
7/5/2017,2016
7/5/2017,624
7/5/2017,672
7/5/2017,192
7/5/2017,2064
7/5/2017,72
7/5/2017,96
7/5/2017,48
7/5/2017,12
7/5/2017,96
7/5/2017,120
7/5/2017,336
7/5/2017,144
7/5/2017,96
7/5/2017,168
7/5/2017,24
7/5/2017,36
7/5/2017,48
7/5/2017,72
7/5/2017,360
7/5/2017,12
7/5/2017,336
7/6/2017,32
7/6/2017,36
7/6/2017,552
7/6/2017,1020
7/6/2017,960
7/6/2017,336
7/6/2017,2592
7/6/2017,348
7/6/2017,204
7/6/2017,24
7/6/2017,24
7/6/2017,24
7/6/2017,24
7/6/2017,24
7/6/2017,24
7/6/2017,384
7/6/2017,324
7/6/2017,96
7/10/2017,60
7/10/2017,80
7/10/2017,120
7/10/2017,688
7/10/2017,516
7/10/2017,2916
7/10/2017,2052
7/10/2017,1080
7/10/2017,252
7/10/2017,120
7/10/2017,24
7/10/2017,24
7/10/2017,72
7/10/2017,48
7/10/2017,72
7/10/2017,120
7/10/2017,120
7/10/2017,408
7/10/2017,72
7/10/2017,24
7/10/2017,12
7/10/2017,120
7/10/2017,48
7/10/2017,3960
7/10/2017,96
7/10/2017,432
7/11/2017,240
7/11/2017,64
7/11/2017,96
7/11/2017,1440
7/11/2017,540
7/11/2017,96
7/11/2017,216
7/11/2017,24
7/11/2017,24
7/11/2017,120
7/11/2017,48
7/11/2017,12
7/11/2017,480
7/11/2017,24
7/11/2017,432
7/12/2017,960
7/12/2017,780
7/12/2017,240
7/12/2017,420
7/12/2017,1128
7/12/2017,360
7/12/2017,48
7/12/2017,4728
7/12/2017,504
7/12/2017,72
7/12/2017,96
7/12/2017,48
7/12/2017,96
7/12/2017,120
7/12/2017,72
7/12/2017,120
7/12/2017,48
7/12/2017,72
7/12/2017,72
7/12/2017,48
7/12/2017,24
7/12/2017,97
7/12/2017,12
7/12/2017,120
7/12/2017,84
7/12/2017,264
7/13/2017,240
7/13/2017,24
7/13/2017,60
7/13/2017,48
7/13/2017,24
7/13/2017,1476
7/13/2017,312
7/13/2017,5052
7/13/2017,444
7/13/2017,1920
7/13/2017,276
7/13/2017,156
7/13/2017,24
7/13/2017,48
7/13/2017,120
7/13/2017,48
7/13/2017,24
7/13/2017,13
7/13/2017,12
7/13/2017,240
7/13/2017,240
7/14/2017,660
7/14/2017,840
7/14/2017,336
7/14/2017,1176
7/14/2017,288
7/14/2017,288
7/14/2017,72
7/14/2017,12
7/14/2017,12
7/14/2017,168
7/14/2017,96
7/14/2017,24
7/14/2017,24
7/14/2017,96
7/14/2017,2139
7/14/2017,12
7/14/2017,24
7/14/2017,120
7/14/2017,120
7/17/2017,60
7/17/2017,160
7/17/2017,60
7/17/2017,48
7/17/2017,48
7/17/2017,18
7/17/2017,36
7/17/2017,1152
7/17/2017,612
7/17/2017,624
7/17/2017,312
7/17/2017,24
7/17/2017,72
7/17/2017,24
7/17/2017,48
7/17/2017,48
7/17/2017,72
7/17/2017,144
7/17/2017,312
7/17/2017,264
7/17/2017,36
7/17/2017,192
7/17/2017,48
7/17/2017,48
7/17/2017,96
7/17/2017,36
7/17/2017,432
7/18/2017,120
7/18/2017,12
7/18/2017,12
7/18/2017,288
7/18/2017,2088
7/18/2017,528
7/18/2017,408
7/18/2017,48
7/18/2017,96
7/18/2017,216
7/18/2017,12
7/18/2017,24
7/18/2017,96
7/18/2017,24
7/18/2017,24
7/18/2017,144
7/18/2017,492
7/18/2017,36
7/18/2017,288
7/19/2017,1080
7/19/2017,480
7/19/2017,384
7/19/2017,396
7/19/2017,864
7/19/2017,684
7/19/2017,648
7/19/2017,168
7/19/2017,984
7/19/2017,24
7/19/2017,12
7/19/2017,12
7/19/2017,96
7/19/2017,36
7/19/2017,48
7/19/2017,24
7/19/2017,72
7/19/2017,96
7/19/2017,96
7/19/2017,48
7/19/2017,264
7/19/2017,60
7/19/2017,180
7/19/2017,120
7/19/2017,144
7/19/2017,48
7/19/2017,12
7/19/2017,48
7/19/2017,24
7/19/2017,96
7/19/2017,264
7/19/2017,408
7/20/2017,240
7/20/2017,64
7/20/2017,72
7/20/2017,96
7/20/2017,912
7/20/2017,1056
7/20/2017,828
7/20/2017,288
7/20/2017,2760
7/20/2017,300
7/20/2017,132
7/20/2017,72
7/20/2017,72
7/20/2017,48
7/20/2017,24
7/20/2017,96
7/20/2017,96
7/20/2017,72
7/20/2017,48
7/20/2017,48
7/20/2017,12
7/20/2017,48
7/20/2017,240
7/20/2017,168
7/21/2017,240
7/21/2017,48
7/21/2017,24
7/21/2017,960
7/21/2017,612
7/21/2017,264
7/21/2017,264
7/21/2017,24
7/21/2017,24
7/21/2017,12
7/21/2017,288
7/21/2017,216
7/21/2017,96
7/24/2017,60
7/24/2017,32
7/24/2017,96
7/24/2017,1248
7/24/2017,1092
7/24/2017,588
7/24/2017,228
7/24/2017,96
7/24/2017,24
7/24/2017,96
7/24/2017,72
7/24/2017,336
7/24/2017,48
7/24/2017,24
7/24/2017,48
7/24/2017,96
7/24/2017,24
7/24/2017,120
7/24/2017,144
7/24/2017,168
7/25/2017,12
7/25/2017,144
7/25/2017,144
7/25/2017,444
7/25/2017,1068
7/25/2017,24
7/25/2017,24
7/25/2017,228
7/25/2017,108
7/25/2017,24
7/25/2017,48
7/25/2017,48
7/25/2017,72
7/25/2017,24
7/25/2017,336
7/25/2017,576
7/26/2017,1140
7/26/2017,144
7/26/2017,1020
7/26/2017,48
7/26/2017,864
7/26/2017,276
7/26/2017,540
7/26/2017,204
7/26/2017,600
7/26/2017,120
7/26/2017,7944
7/26/2017,228
7/26/2017,60
7/26/2017,12
7/26/2017,168
7/26/2017,120
7/26/2017,12
7/26/2017,96
7/26/2017,72
7/26/2017,120
7/26/2017,72
7/26/2017,456
7/26/2017,168
7/26/2017,24
7/26/2017,600
7/26/2017,24
7/26/2017,192
7/26/2017,120
7/26/2017,192
7/26/2017,96
7/26/2017,528
7/26/2017,240
7/27/2017,900
7/27/2017,96
7/27/2017,396
7/27/2017,12
7/27/2017,60
7/27/2017,324
7/27/2017,96
7/27/2017,888
7/27/2017,252
7/27/2017,3672
7/27/2017,336
7/27/2017,156
7/27/2017,48
7/27/2017,12
7/27/2017,24
7/27/2017,24
7/27/2017,24
7/27/2017,144
7/27/2017,120
7/27/2017,168
7/27/2017,24
7/27/2017,168
7/27/2017,96
7/27/2017,24
7/27/2017,24
7/27/2017,24
7/27/2017,36
7/27/2017,192
7/27/2017,108
7/27/2017,504
7/28/2017,840
7/28/2017,420
7/28/2017,80
7/28/2017,96
7/28/2017,6
7/28/2017,960
7/28/2017,768
7/28/2017,984
7/28/2017,1368
7/28/2017,24
7/28/2017,36
7/28/2017,12
7/28/2017,24
7/28/2017,24
7/28/2017,168
7/28/2017,48
7/28/2017,96
7/28/2017,12
7/28/2017,60
7/28/2017,24
7/28/2017,792
7/28/2017,480
7/28/2017,336
7/31/2017,60
7/31/2017,80
7/31/2017,108
7/31/2017,156
7/31/2017,864
7/31/2017,648
7/31/2017,360
7/31/2017,252
7/31/2017,96
7/31/2017,24
7/31/2017,72
7/31/2017,84
7/31/2017,12
7/31/2017,24
7/31/2017,72
7/31/2017,48
7/31/2017,96
7/31/2017,144
7/31/2017,72
7/31/2017,48
7/31/2017,192
7/31/2017,24
7/31/2017,120
7/31/2017,120
7/31/2017,24
7/31/2017,360
8/1/2017,420
8/1/2017,224
8/1/2017,176
8/1/2017,144
8/1/2017,72
8/1/2017,564
8/1/2017,336
8/1/2017,948
8/1/2017,24
8/1/2017,96
8/1/2017,24
8/1/2017,12
8/1/2017,12
8/1/2017,24
8/1/2017,48
8/1/2017,96
8/1/2017,36
8/1/2017,12
8/1/2017,528
8/1/2017,384
8/2/2017,2040
8/2/2017,16
8/2/2017,840
8/2/2017,384
8/2/2017,276
8/2/2017,900
8/2/2017,252
8/2/2017,564
8/2/2017,72
8/2/2017,2136
8/2/2017,192
8/2/2017,24
8/2/2017,48
8/2/2017,24
8/2/2017,48
8/2/2017,144
8/2/2017,72
8/2/2017,48
8/2/2017,144
8/2/2017,336
8/2/2017,36
8/2/2017,144
8/2/2017,48
8/2/2017,72
8/2/2017,240
8/2/2017,132
8/2/2017,480
8/3/2017,24
8/3/2017,24
8/3/2017,12
8/3/2017,288
8/3/2017,108
8/3/2017,540
8/3/2017,804
8/3/2017,276
8/3/2017,1656
8/3/2017,96
8/3/2017,60
8/3/2017,96
8/3/2017,24
8/3/2017,48
8/3/2017,24
8/3/2017,72
8/3/2017,24
8/3/2017,24
8/3/2017,168
8/3/2017,12
8/3/2017,132
8/3/2017,72
8/3/2017,72
8/3/2017,144
8/3/2017,96
8/3/2017,12
8/3/2017,384
8/3/2017,360
8/3/2017,156
8/4/2017,24
8/4/2017,480
8/4/2017,2460
8/4/2017,192
8/4/2017,360
8/4/2017,12
8/4/2017,72
8/4/2017,12
8/4/2017,24
8/4/2017,60
8/4/2017,48
8/4/2017,1200
8/4/2017,24
8/4/2017,48
8/7/2017,60
8/7/2017,80
8/7/2017,120
8/7/2017,6
8/7/2017,132
8/7/2017,1428
8/7/2017,840
8/7/2017,396
8/7/2017,348
8/7/2017,108
8/7/2017,48
8/7/2017,24
8/7/2017,24
8/7/2017,120
8/7/2017,48
8/7/2017,24
8/7/2017,24
8/7/2017,72
8/7/2017,72
8/7/2017,24
8/7/2017,192
8/8/2017,24
8/8/2017,684
8/8/2017,420
8/8/2017,216
8/8/2017,60
8/8/2017,48
8/8/2017,12
8/8/2017,24
8/8/2017,96
8/8/2017,12
8/8/2017,12
8/8/2017,48
8/8/2017,24
8/8/2017,72
8/8/2017,24
8/8/2017,12
8/8/2017,2112
8/8/2017,24
8/8/2017,192
8/9/2017,1440
8/9/2017,1260
8/9/2017,48
8/9/2017,480
8/9/2017,24
8/9/2017,1200
8/9/2017,336
8/9/2017,1188
8/9/2017,84
8/9/2017,120
8/9/2017,36
8/9/2017,24
8/9/2017,4248
8/9/2017,564
8/9/2017,24
8/9/2017,72
8/9/2017,48
8/9/2017,96
8/9/2017,24
8/9/2017,48
8/9/2017,336
8/9/2017,12
8/9/2017,48
8/9/2017,72
8/9/2017,168
8/9/2017,12
8/9/2017,72
8/9/2017,336
8/9/2017,24
8/9/2017,336
8/10/2017,360
8/10/2017,104
8/10/2017,120
8/10/2017,16
8/10/2017,1212
8/10/2017,1272
8/10/2017,708
8/10/2017,1584
8/10/2017,240
8/10/2017,96
8/10/2017,12
8/10/2017,1728
8/10/2017,132
8/10/2017,180
8/10/2017,12
8/10/2017,24
8/10/2017,12
8/10/2017,72
8/10/2017,24
8/10/2017,48
8/10/2017,24
8/10/2017,24
8/10/2017,144
8/10/2017,48
8/10/2017,60
8/10/2017,24
8/10/2017,72
8/10/2017,48
8/10/2017,24
8/10/2017,312
8/10/2017,24
8/10/2017,288
8/11/2017,300
8/11/2017,896
8/11/2017,840
8/11/2017,384
8/11/2017,864
8/11/2017,756
8/11/2017,12
8/11/2017,1392
8/11/2017,192
8/14/2017,720
8/14/2017,32
8/14/2017,660
8/14/2017,288
8/14/2017,6
8/14/2017,144
8/14/2017,2688
8/14/2017,504
8/14/2017,432
8/14/2017,360
8/14/2017,276
8/14/2017,48
8/14/2017,120
8/14/2017,96
8/14/2017,24
8/14/2017,48
8/14/2017,48
8/14/2017,48
8/14/2017,24
8/14/2017,240
8/14/2017,24
8/14/2017,24
8/14/2017,192
8/14/2017,312
8/14/2017,336
8/15/2017,1188
8/15/2017,912
8/15/2017,1116
8/15/2017,84
8/15/2017,12
8/15/2017,12960
8/15/2017,12
8/15/2017,12
8/15/2017,24
8/15/2017,72
8/15/2017,24
8/15/2017,24
8/15/2017,84
8/15/2017,216
8/15/2017,12
8/15/2017,576
8/16/2017,1560
8/16/2017,64
8/16/2017,1560
8/16/2017,384
8/16/2017,312
8/16/2017,348
8/16/2017,120
8/16/2017,168
8/16/2017,48
8/16/2017,72
8/16/2017,4776
8/16/2017,168
8/16/2017,24
8/16/2017,24
8/16/2017,48
8/16/2017,96
8/16/2017,24
8/16/2017,1416
8/16/2017,384
8/16/2017,36
8/16/2017,24
8/16/2017,216
8/16/2017,48
8/16/2017,24
8/16/2017,120
8/16/2017,84
8/16/2017,192
8/17/2017,1560
8/17/2017,156
8/17/2017,420
8/17/2017,152
8/17/2017,96
8/17/2017,36
8/17/2017,516
8/17/2017,1032
8/17/2017,1260
8/17/2017,888
8/17/2017,276
8/17/2017,120
8/17/2017,12
8/17/2017,72
8/17/2017,12
8/17/2017,264
8/17/2017,312
8/17/2017,168
8/17/2017,72
8/17/2017,48
8/17/2017,12
8/17/2017,48
8/17/2017,72
8/17/2017,72
8/17/2017,144
8/17/2017,24
8/17/2017,309
8/17/2017,36
8/17/2017,240
8/17/2017,48
8/17/2017,48
8/17/2017,24
8/17/2017,60
8/17/2017,588
8/17/2017,216
8/17/2017,384
8/18/2017,120
8/18/2017,560
8/18/2017,528
8/18/2017,432
8/18/2017,360
8/18/2017,60
8/18/2017,360
8/18/2017,24
8/18/2017,24
8/18/2017,24
8/18/2017,24
8/18/2017,12
8/18/2017,1970
8/18/2017,252
8/18/2017,360
8/21/2017,32
8/21/2017,16
8/21/2017,24
8/21/2017,24
8/21/2017,96
8/21/2017,816
8/21/2017,648
8/21/2017,408
8/21/2017,24
8/21/2017,48
8/21/2017,216
8/21/2017,19
8/21/2017,720
8/21/2017,720
8/21/2017,5
8/21/2017,35
8/21/2017,48
8/21/2017,24
8/21/2017,15
8/21/2017,2
8/21/2017,18
8/21/2017,25
8/21/2017,1323
8/21/2017,3
8/21/2017,240
8/21/2017,170
8/22/2017,240
8/22/2017,64
8/22/2017,24
8/22/2017,84
8/22/2017,1572
8/22/2017,1008
8/22/2017,1320
8/22/2017,384
8/22/2017,12
8/22/2017,384
8/22/2017,12
8/22/2017,24
8/22/2017,24
8/22/2017,24
8/22/2017,24
8/22/2017,240
8/22/2017,48
8/22/2017,288
8/22/2017,24
8/22/2017,24
8/22/2017,96
8/22/2017,24
8/22/2017,96
8/22/2017,5
8/22/2017,240
8/22/2017,24
8/22/2017,504
8/23/2017,348
8/23/2017,24
8/23/2017,84
8/23/2017,24
8/24/2017,5460
8/24/2017,160
8/24/2017,4320
8/24/2017,1632
8/24/2017,504
8/24/2017,1428
8/24/2017,576
8/24/2017,852
8/24/2017,276
8/24/2017,7032
8/24/2017,708
8/24/2017,216
8/24/2017,48
8/24/2017,72
8/24/2017,72
8/24/2017,72
8/24/2017,72
8/24/2017,192
8/24/2017,144
8/24/2017,144
8/24/2017,60
8/24/2017,132
8/24/2017,24
8/24/2017,72
8/24/2017,48
8/24/2017,72
8/24/2017,720
8/24/2017,168
8/24/2017,528
8/25/2017,4080
8/25/2017,3420
8/25/2017,60
8/25/2017,1104
8/25/2017,48
8/25/2017,936
8/25/2017,48
8/25/2017,612
8/25/2017,216
8/25/2017,48
8/25/2017,12840
8/25/2017,12
8/25/2017,24
8/25/2017,168
8/25/2017,72
8/25/2017,132
8/25/2017,24
8/25/2017,1200
8/25/2017,216
8/28/2017,84
8/28/2017,12
8/28/2017,84
8/28/2017,24
8/28/2017,36
8/28/2017,1920
8/28/2017,756
8/28/2017,1068
8/28/2017,1656
8/28/2017,264
8/28/2017,24
8/28/2017,24
8/28/2017,24
8/28/2017,48
8/28/2017,24
8/28/2017,24
8/28/2017,48
8/28/2017,48
8/28/2017,372
8/28/2017,216
8/29/2017,1380
8/29/2017,16
8/29/2017,660
8/29/2017,192
8/29/2017,36
8/29/2017,1080
8/29/2017,624
8/29/2017,396
8/29/2017,24
8/29/2017,12
8/29/2017,48
8/29/2017,72
8/29/2017,264
8/29/2017,192
8/29/2017,24
8/29/2017,12
8/29/2017,12
8/29/2017,72
8/29/2017,24
8/29/2017,48
8/29/2017,12
8/29/2017,192
8/29/2017,12
8/29/2017,336
8/30/2017,60
8/30/2017,168
8/30/2017,1668
8/30/2017,1092
8/30/2017,1044
8/30/2017,84
8/30/2017,120
8/30/2017,48
8/30/2017,36
8/30/2017,144
8/30/2017,72
8/30/2017,120
8/30/2017,36
8/30/2017,1272
8/30/2017,216
8/30/2017,432
8/31/2017,60
8/31/2017,120
8/31/2017,804
8/31/2017,2172
8/31/2017,1044
8/31/2017,420
8/31/2017,372
8/31/2017,3192
8/31/2017,360
8/31/2017,144
8/31/2017,120
8/31/2017,120
8/31/2017,48
8/31/2017,144
8/31/2017,168
8/31/2017,240
8/31/2017,288
8/31/2017,24
8/31/2017,12
8/31/2017,36
8/31/2017,24
8/31/2017,24
8/31/2017,72
8/31/2017,24
8/31/2017,48
8/31/2017,144
8/31/2017,504
9/1/2017,100
9/1/2017,24
9/1/2017,24
9/1/2017,24
9/1/2017,60
9/1/2017,1776
9/1/2017,1152
9/1/2017,1692
9/1/2017,480
9/1/2017,420
9/1/2017,48
9/1/2017,312
9/1/2017,96
9/1/2017,192
9/1/2017,48
9/1/2017,336
9/1/2017,12
9/1/2017,60
9/1/2017,24
9/1/2017,48
9/1/2017,96
9/1/2017,120
9/1/2017,648
9/5/2017,120
9/5/2017,48
9/5/2017,120
9/5/2017,48
9/5/2017,48
9/5/2017,288
9/5/2017,1044
9/5/2017,504
9/5/2017,204
9/5/2017,156
9/5/2017,108
9/5/2017,24
9/5/2017,120
9/5/2017,12
9/5/2017,912
9/5/2017,144
9/6/2017,300
9/6/2017,88
9/6/2017,24
9/6/2017,72
9/6/2017,900
9/6/2017,420
9/6/2017,636
9/6/2017,48
9/6/2017,24
9/6/2017,72
9/6/2017,24
9/6/2017,24
9/6/2017,12
9/6/2017,192
9/6/2017,72
9/6/2017,216
9/7/2017,360
9/7/2017,120
9/7/2017,16
9/7/2017,48
9/7/2017,732
9/7/2017,1032
9/7/2017,384
9/7/2017,1212
9/7/2017,216
9/7/2017,48
9/7/2017,24
9/7/2017,60
9/7/2017,324
9/7/2017,12
9/7/2017,24
9/7/2017,24
9/7/2017,96
9/7/2017,96
9/7/2017,144
9/7/2017,96
9/7/2017,12
9/7/2017,60
9/7/2017,72
9/7/2017,24
9/7/2017,384
9/7/2017,360
9/7/2017,240
9/8/2017,720
9/8/2017,600
9/8/2017,144
9/8/2017,1536
9/8/2017,108
9/8/2017,864
9/8/2017,336
9/8/2017,480
9/8/2017,288
9/8/2017,1704
9/8/2017,120
9/8/2017,216
9/8/2017,48
9/8/2017,96
9/8/2017,72
9/8/2017,156
9/8/2017,240
9/11/2017,120
9/11/2017,48
9/11/2017,360
9/11/2017,496
9/11/2017,48
9/11/2017,1596
9/11/2017,1524
9/11/2017,852
9/11/2017,1260
9/11/2017,72
9/11/2017,456
9/11/2017,48
9/11/2017,192
9/11/2017,324
9/11/2017,24
9/11/2017,120
9/11/2017,24
9/11/2017,48
9/11/2017,192
9/11/2017,48
9/11/2017,60
9/11/2017,48
9/11/2017,24
9/11/2017,48
9/11/2017,2184
9/11/2017,24
9/11/2017,840
9/13/2017,480
9/13/2017,128
9/13/2017,1536
9/13/2017,136
9/13/2017,288
9/13/2017,36
9/13/2017,540
9/13/2017,1488
9/13/2017,1356
9/13/2017,1824
9/13/2017,156
9/13/2017,24
9/13/2017,96
9/13/2017,168
9/13/2017,144
9/13/2017,144
9/13/2017,48
9/13/2017,120
9/13/2017,48
9/13/2017,24
9/13/2017,120
9/13/2017,48
9/13/2017,72
9/13/2017,144
9/13/2017,24
9/13/2017,24
9/13/2017,12
9/13/2017,72
9/13/2017,516
9/13/2017,120
9/13/2017,852
9/14/2017,60
9/14/2017,444
9/14/2017,744
9/14/2017,396
9/14/2017,372
9/14/2017,168
9/14/2017,936
9/14/2017,96
9/14/2017,72
9/14/2017,48
9/14/2017,24
9/14/2017,312
9/14/2017,96
9/14/2017,96
9/15/2017,136
9/15/2017,36
9/15/2017,60
9/15/2017,168
9/15/2017,36
9/15/2017,168
9/15/2017,1176
9/15/2017,492
9/15/2017,672
9/15/2017,48
9/15/2017,48
9/15/2017,48
9/15/2017,48
9/15/2017,72
9/15/2017,36
9/15/2017,48
9/15/2017,60
9/15/2017,288
9/15/2017,96
9/15/2017,312
9/18/2017,780
9/18/2017,424
9/18/2017,2112
9/18/2017,1860
9/18/2017,888
9/18/2017,1236
9/18/2017,24
9/18/2017,24
9/18/2017,252
9/18/2017,72
9/18/2017,12
9/18/2017,60
9/18/2017,48
9/18/2017,12
9/18/2017,72
9/18/2017,48
9/18/2017,48
9/18/2017,24
9/18/2017,96
9/18/2017,24
9/18/2017,132
9/18/2017,96
9/18/2017,24
9/18/2017,96
9/18/2017,192
9/18/2017,144
9/18/2017,432
9/19/2017,660
9/19/2017,900
9/19/2017,80
9/19/2017,240
9/19/2017,42
9/19/2017,792
9/19/2017,120
9/19/2017,300
9/19/2017,552
9/19/2017,216
9/19/2017,456
9/19/2017,24
9/20/2017,120
9/20/2017,208
9/20/2017,360
9/20/2017,48
9/20/2017,48
9/20/2017,24
9/20/2017,660
9/20/2017,1284
9/20/2017,576
9/20/2017,588
9/20/2017,72
9/20/2017,144
9/20/2017,228
9/20/2017,12
9/20/2017,24
9/20/2017,48
9/20/2017,120
9/20/2017,96
9/20/2017,24
9/20/2017,48
9/20/2017,60
9/20/2017,24
9/20/2017,72
9/20/2017,24
9/20/2017,192
9/20/2017,72
9/20/2017,408
9/21/2017,3120
9/21/2017,144
9/21/2017,2160
9/21/2017,432
9/21/2017,1920
9/21/2017,168
9/21/2017,48
9/21/2017,192
9/21/2017,192
9/21/2017,24
9/21/2017,528
9/21/2017,1248
9/21/2017,300
9/21/2017,180
9/21/2017,24
9/21/2017,24
9/21/2017,12
9/21/2017,48
9/21/2017,384
9/21/2017,12
9/21/2017,120
9/22/2017,112
9/22/2017,24
9/22/2017,48
9/22/2017,96
9/22/2017,191
9/22/2017,804
9/22/2017,552
9/22/2017,576
9/22/2017,888
9/22/2017,144
9/22/2017,48
9/22/2017,12
9/22/2017,12
9/22/2017,24
9/22/2017,48
9/22/2017,240
9/22/2017,264
9/25/2017,264
9/25/2017,352
9/25/2017,1404
9/25/2017,336
9/25/2017,888
9/25/2017,1207
9/25/2017,324
9/25/2017,24
9/25/2017,24
9/25/2017,288
9/25/2017,84
9/25/2017,24
9/25/2017,48
9/25/2017,48
9/25/2017,12
9/25/2017,24
9/25/2017,96
9/25/2017,264
9/25/2017,300
9/25/2017,264
9/26/2017,1320
9/26/2017,16
9/26/2017,120
9/26/2017,48
9/26/2017,192
9/26/2017,36
9/26/2017,1560
9/26/2017,972
9/26/2017,792
9/26/2017,96
9/26/2017,48
9/26/2017,60
9/26/2017,12
9/26/2017,264
9/26/2017,60
9/26/2017,36
9/26/2017,24
9/26/2017,24
9/26/2017,24
9/26/2017,504
9/26/2017,492
9/27/2017,300
9/27/2017,28
9/27/2017,840
9/27/2017,16
9/27/2017,144
9/27/2017,24
9/27/2017,12
9/27/2017,876
9/27/2017,144
9/27/2017,324
9/27/2017,60
9/27/2017,120
9/27/2017,48
9/27/2017,24
9/27/2017,24
9/27/2017,24
9/27/2017,1968
9/27/2017,48
9/27/2017,48
9/27/2017,12
9/27/2017,288
9/27/2017,48
9/27/2017,384
9/28/2017,60
9/28/2017,96
9/28/2017,60
9/28/2017,24
9/28/2017,48
9/28/2017,564
9/28/2017,432
9/28/2017,1380
9/28/2017,36
9/28/2017,48
9/28/2017,444
9/28/2017,12
9/28/2017,1632
9/28/2017,132
9/28/2017,156
9/28/2017,12
9/28/2017,96
9/28/2017,144
9/28/2017,48
9/28/2017,72
9/28/2017,24
9/28/2017,96
9/28/2017,36
9/28/2017,96
9/28/2017,24
9/28/2017,12
9/28/2017,264
9/28/2017,264
9/28/2017,408
9/29/2017,840
9/29/2017,600
9/29/2017,608
9/29/2017,144
9/29/2017,744
9/29/2017,492
9/29/2017,216
9/29/2017,48
9/29/2017,24
9/29/2017,24
9/29/2017,2304
9/29/2017,48
10/2/2017,360
10/2/2017,672
10/2/2017,60
10/2/2017,288
10/2/2017,150
10/2/2017,612
10/2/2017,288
10/2/2017,204
10/2/2017,24
10/2/2017,24
10/2/2017,132
10/2/2017,48
10/2/2017,48
10/2/2017,12
10/2/2017,456
10/2/2017,216
10/2/2017,216
10/2/2017,168
10/2/2017,312
10/2/2017,24
10/2/2017,24
10/2/2017,48
10/2/2017,48
10/2/2017,24
10/2/2017,12
10/2/2017,192
10/3/2017,300
10/3/2017,664
10/3/2017,60
10/3/2017,60
10/3/2017,216
10/3/2017,228
10/3/2017,1824
10/3/2017,1104
10/3/2017,1032
10/3/2017,648
10/3/2017,720
10/3/2017,624
10/3/2017,624
10/3/2017,240
10/3/2017,696
10/3/2017,12
10/3/2017,696
10/3/2017,48
10/3/2017,432
10/3/2017,48
10/3/2017,120
10/3/2017,24
10/3/2017,504
10/3/2017,624
10/3/2017,288
10/3/2017,240
10/3/2017,288
10/3/2017,24
10/3/2017,24
10/3/2017,24
10/3/2017,36
10/3/2017,576
10/3/2017,96
10/3/2017,252
10/4/2017,1440
10/4/2017,48
10/4/2017,600
10/4/2017,16
10/4/2017,336
10/4/2017,480
10/4/2017,528
10/4/2017,972
10/4/2017,144
10/4/2017,72
10/4/2017,24
10/4/2017,36
10/4/2017,36
10/4/2017,216
10/4/2017,72
10/4/2017,12
10/4/2017,24
10/4/2017,120
10/4/2017,768
10/4/2017,48
10/4/2017,24
10/4/2017,168
10/4/2017,24
10/4/2017,24
10/4/2017,24
10/4/2017,12
10/4/2017,48
10/4/2017,336
10/4/2017,108
10/4/2017,264
10/5/2017,780
10/5/2017,120
10/5/2017,444
10/5/2017,172
10/5/2017,192
10/5/2017,1752
10/5/2017,1308
10/5/2017,1044
10/5/2017,96
10/5/2017,564
10/5/2017,120
10/5/2017,4968
10/5/2017,228
10/5/2017,264
10/5/2017,72
10/5/2017,24
10/5/2017,144
10/5/2017,48
10/5/2017,12
10/5/2017,120
10/5/2017,24
10/5/2017,60
10/5/2017,912
10/5/2017,252
10/5/2017,432
10/6/2017,16
10/6/2017,120
10/6/2017,352
10/6/2017,768
10/6/2017,312
10/6/2017,1152
10/6/2017,72
10/6/2017,36
10/6/2017,48
10/6/2017,48
10/6/2017,24
10/6/2017,96
10/6/2017,72
10/6/2017,24
10/6/2017,24
10/6/2017,24
10/6/2017,288
10/6/2017,168
10/6/2017,348
10/6/2017,288
10/9/2017,48
10/9/2017,48
10/9/2017,900
10/9/2017,5617
10/9/2017,2544
10/9/2017,1944
10/9/2017,936
10/9/2017,48
10/9/2017,24
10/9/2017,432
10/9/2017,48
10/9/2017,120
10/9/2017,432
10/9/2017,48
10/9/2017,96
10/9/2017,192
10/9/2017,168
10/9/2017,456
10/9/2017,144
10/9/2017,144
10/9/2017,60
10/9/2017,24
10/9/2017,120
10/9/2017,24
10/9/2017,24
10/9/2017,528
10/10/2017,120
10/10/2017,16
10/10/2017,60
10/10/2017,50
10/10/2017,240
10/10/2017,804
10/10/2017,432
10/10/2017,24
10/10/2017,144
10/10/2017,24
10/10/2017,60
10/10/2017,120
10/10/2017,24
10/10/2017,36
10/10/2017,12
10/10/2017,24
10/10/2017,216
10/10/2017,72
10/11/2017,2640
10/11/2017,96
10/11/2017,840
10/11/2017,432
10/11/2017,18
10/11/2017,276
10/11/2017,708
10/11/2017,408
10/11/2017,192
10/11/2017,96
10/11/2017,204
10/11/2017,24
10/11/2017,2256
10/11/2017,144
10/11/2017,156
10/11/2017,48
10/11/2017,72
10/11/2017,96
10/11/2017,96
10/11/2017,360
10/11/2017,216
10/11/2017,120
10/11/2017,24
10/11/2017,24
10/11/2017,12
10/11/2017,504
10/11/2017,192
10/11/2017,168
10/12/2017,152
10/12/2017,96
10/12/2017,48
10/12/2017,48
10/12/2017,1920
10/12/2017,1368
10/12/2017,948
10/12/2017,600
10/12/2017,72
10/12/2017,72
10/12/2017,24
10/12/2017,96
10/12/2017,36
10/12/2017,132
10/12/2017,24
10/12/2017,24
10/12/2017,168
10/12/2017,72
10/12/2017,108
10/12/2017,24
10/12/2017,72
10/12/2017,528
10/12/2017,48
10/12/2017,552
10/13/2017,300
10/13/2017,60
10/13/2017,12
10/13/2017,852
10/13/2017,492
10/13/2017,72
10/13/2017,24
10/13/2017,36
10/13/2017,120
10/13/2017,12
10/13/2017,12
10/13/2017,192
10/13/2017,48
10/13/2017,12
10/13/2017,12
10/13/2017,96
10/13/2017,96
10/13/2017,168
10/16/2017,60
10/16/2017,56
10/16/2017,264
10/16/2017,1272
10/16/2017,1824
10/16/2017,276
10/16/2017,24
10/16/2017,48
10/16/2017,24
10/16/2017,12
10/16/2017,24
10/16/2017,24
10/16/2017,24
10/16/2017,96
10/16/2017,432
10/16/2017,120
10/16/2017,12
10/16/2017,144
10/16/2017,24
10/16/2017,12
10/16/2017,60
10/16/2017,144
10/16/2017,84
10/16/2017,336
10/17/2017,16
10/17/2017,16
10/17/2017,1656
10/17/2017,804
10/17/2017,48
10/17/2017,48
10/17/2017,24
10/17/2017,72
10/17/2017,120
10/17/2017,24
10/17/2017,24
10/17/2017,48
10/17/2017,24
10/17/2017,36
10/17/2017,72
10/17/2017,528
10/17/2017,96
10/17/2017,432
10/18/2017,1140
10/18/2017,660
10/18/2017,96
10/18/2017,48
10/18/2017,336
10/18/2017,1080
10/18/2017,792
10/18/2017,144
10/18/2017,144
10/18/2017,72
10/18/2017,24
10/18/2017,96
10/18/2017,48
10/18/2017,12
10/18/2017,3720
10/18/2017,24
10/18/2017,192
10/18/2017,96
10/18/2017,528
10/18/2017,120
10/19/2017,660
10/19/2017,32
10/19/2017,600
10/19/2017,96
10/19/2017,192
10/19/2017,12
10/19/2017,924
10/19/2017,2436
10/19/2017,1428
10/19/2017,5232
10/19/2017,144
10/19/2017,720
10/19/2017,48
10/19/2017,48
10/19/2017,432
10/19/2017,6
10/19/2017,192
10/19/2017,480
10/19/2017,156
10/19/2017,72
10/19/2017,48
10/19/2017,12
10/19/2017,48
10/19/2017,144
10/19/2017,144
10/19/2017,96
10/19/2017,72
10/19/2017,144
10/19/2017,72
10/19/2017,24
10/19/2017,384
10/19/2017,276
10/19/2017,528
10/20/2017,240
10/20/2017,144
10/20/2017,144
10/20/2017,696
10/20/2017,1308
10/20/2017,3492
10/20/2017,3312
10/20/2017,1632
10/20/2017,840
10/20/2017,36
10/20/2017,12
10/20/2017,24
10/20/2017,12
10/20/2017,240
10/20/2017,336
10/23/2017,180
10/23/2017,128
10/23/2017,60
10/23/2017,56
10/23/2017,6
10/23/2017,192
10/23/2017,1500
10/23/2017,840
10/23/2017,120
10/23/2017,24
10/23/2017,228
10/23/2017,48
10/23/2017,24
10/23/2017,84
10/23/2017,360
10/23/2017,168
10/23/2017,264
10/23/2017,264
10/23/2017,24
10/23/2017,12
10/23/2017,336
10/23/2017,960
10/23/2017,36
10/23/2017,240
10/24/2017,60
10/24/2017,228
10/24/2017,2100
10/24/2017,1404
10/24/2017,24
10/24/2017,96
10/24/2017,24
10/24/2017,96
10/24/2017,192
10/24/2017,12
10/24/2017,12
10/24/2017,24
10/24/2017,24
10/24/2017,24
10/24/2017,48
10/24/2017,96
10/24/2017,24
10/24/2017,24
10/24/2017,24
10/24/2017,12
10/24/2017,216
10/24/2017,12
10/24/2017,168
10/25/2017,660
10/25/2017,112
10/25/2017,600
10/25/2017,16
10/25/2017,960
10/25/2017,78
10/25/2017,672
10/25/2017,2328
10/25/2017,1392
10/25/2017,1440
10/25/2017,72
10/25/2017,288
10/25/2017,288
10/25/2017,24
10/25/2017,168
10/25/2017,3360
10/25/2017,300
10/25/2017,108
10/25/2017,12
10/25/2017,24
10/25/2017,120
10/25/2017,24
10/25/2017,24
10/25/2017,168
10/25/2017,192
10/25/2017,24
10/25/2017,48
10/25/2017,120
10/25/2017,36
10/25/2017,600
10/26/2017,120
10/26/2017,40
10/26/2017,60
10/26/2017,112
10/26/2017,6
10/26/2017,372
10/26/2017,1296
10/26/2017,1092
10/26/2017,4548
10/26/2017,24
10/26/2017,120
10/26/2017,6
10/26/2017,72
10/26/2017,24
10/26/2017,48
10/26/2017,12
10/26/2017,120
10/26/2017,24
10/26/2017,72
10/26/2017,24
10/26/2017,192
10/26/2017,36
10/26/2017,528
10/26/2017,312
10/26/2017,120
10/27/2017,264
10/27/2017,232
10/27/2017,96
10/27/2017,72
10/27/2017,96
10/27/2017,48
10/27/2017,156
10/27/2017,2160
10/27/2017,912
10/27/2017,24
10/27/2017,72
10/27/2017,24
10/27/2017,48
10/27/2017,48
10/27/2017,240
10/27/2017,36
10/27/2017,12
10/27/2017,24
10/27/2017,24
10/27/2017,12
10/27/2017,120
10/27/2017,2616
10/27/2017,108
10/27/2017,264
10/30/2017,720
10/30/2017,32
10/30/2017,540
10/30/2017,144
10/30/2017,12
10/30/2017,48
10/30/2017,1956
10/30/2017,1296
10/30/2017,24
10/30/2017,228
10/30/2017,72
10/30/2017,48
10/30/2017,96
10/30/2017,108
10/30/2017,24
10/30/2017,48
10/30/2017,72
10/30/2017,216
10/30/2017,288
10/30/2017,24
10/30/2017,168
10/30/2017,12
10/30/2017,72
10/30/2017,360
10/30/2017,48
10/30/2017,168
10/31/2017,720
10/31/2017,2268
10/31/2017,684
10/31/2017,504
10/31/2017,216
10/31/2017,24
10/31/2017,24
10/31/2017,24
10/31/2017,432
11/1/2017,2220
11/1/2017,88
11/1/2017,1080
11/1/2017,56
11/1/2017,192
11/1/2017,24
11/1/2017,4070
11/1/2017,3588
11/1/2017,1104
11/1/2017,24
11/1/2017,600
11/1/2017,144
11/1/2017,24
11/1/2017,96
11/1/2017,792
11/1/2017,264
11/1/2017,540
11/1/2017,72
11/1/2017,576
11/1/2017,2736
11/1/2017,372
11/1/2017,48
11/1/2017,120
11/1/2017,120
11/1/2017,72
11/1/2017,24
11/1/2017,96
11/1/2017,144
11/1/2017,12
11/1/2017,24
11/1/2017,552
11/1/2017,240
11/1/2017,384
11/2/2017,36
11/2/2017,48
11/2/2017,228
11/2/2017,12
11/3/2017,480
11/3/2017,72
11/3/2017,80
11/3/2017,60
11/3/2017,1836
11/3/2017,2616
11/3/2017,72
11/3/2017,72
11/3/2017,1608
11/3/2017,24
11/3/2017,12
11/3/2017,120
11/3/2017,36
11/3/2017,168
11/6/2017,324
11/6/2017,536
11/6/2017,360
11/6/2017,968
11/6/2017,144
11/6/2017,24
11/6/2017,900
11/6/2017,300
11/6/2017,1788
11/6/2017,2400
11/6/2017,1200
11/6/2017,288
11/6/2017,144
11/6/2017,456
11/6/2017,168
11/6/2017,96
11/6/2017,48
11/6/2017,36
11/6/2017,12
11/6/2017,144
11/6/2017,12
11/6/2017,24
11/6/2017,96
11/6/2017,384
11/6/2017,288
11/6/2017,60
11/6/2017,72
11/6/2017,96
11/6/2017,12
11/6/2017,192
11/6/2017,336
11/6/2017,888
11/7/2017,16
11/7/2017,48
11/7/2017,12
11/7/2017,12
11/7/2017,24
11/7/2017,36
11/7/2017,96
11/7/2017,48
11/8/2017,864
11/8/2017,64
11/8/2017,780
11/8/2017,64
11/8/2017,336
11/8/2017,1296
11/8/2017,24
11/8/2017,96
11/8/2017,48
11/8/2017,180
11/8/2017,24
11/8/2017,3336
11/8/2017,96
11/8/2017,108
11/8/2017,12
11/8/2017,72
11/8/2017,72
11/8/2017,48
11/8/2017,48
11/8/2017,144
11/8/2017,48
11/8/2017,96
11/8/2017,12
11/8/2017,24
11/8/2017,48
11/8/2017,12
11/8/2017,264
11/8/2017,108
11/8/2017,48
11/9/2017,780
11/9/2017,24
11/9/2017,180
11/9/2017,204
11/9/2017,24
11/9/2017,324
11/9/2017,240
11/9/2017,24
11/9/2017,36
11/9/2017,24
11/9/2017,48
11/9/2017,168
11/9/2017,1008
11/9/2017,180
11/9/2017,15
11/9/2017,312
11/9/2017,576
11/9/2017,120
11/9/2017,288
11/9/2017,432
11/9/2017,4
11/9/2017,816
11/9/2017,204
11/9/2017,10
11/10/2017,288
11/10/2017,32
11/10/2017,192
11/10/2017,96
11/10/2017,1404
11/10/2017,240
11/10/2017,12
11/10/2017,48
11/10/2017,12
11/10/2017,8
11/10/2017,24
11/10/2017,240
11/13/2017,276
11/13/2017,384
11/13/2017,24
11/13/2017,48
11/13/2017,24
11/13/2017,396
11/13/2017,120
11/13/2017,120
11/13/2017,48
11/13/2017,24
11/13/2017,24
11/13/2017,48
11/13/2017,48
11/13/2017,24
11/13/2017,384
11/13/2017,360
11/14/2017,144
11/14/2017,120
11/14/2017,48
11/14/2017,60
11/14/2017,150
11/14/2017,336
11/14/2017,8268
11/14/2017,1320
11/14/2017,192
11/14/2017,72
11/14/2017,24
11/14/2017,144
11/14/2017,24
11/14/2017,96
11/14/2017,216
11/14/2017,48
11/14/2017,240
11/14/2017,12
11/14/2017,48
11/14/2017,240
11/14/2017,264
11/14/2017,48
11/14/2017,120
11/14/2017,96
11/14/2017,456
11/14/2017,228
11/14/2017,1392
11/15/2017,4800
11/15/2017,176
11/15/2017,3600
11/15/2017,96
11/15/2017,1344
11/15/2017,12
11/15/2017,1068
11/15/2017,5808
11/15/2017,144
11/15/2017,48
11/15/2017,24
11/15/2017,312
11/15/2017,24
11/15/2017,120
11/15/2017,2136
11/15/2017,216
11/15/2017,120
11/15/2017,12
11/15/2017,168
11/15/2017,120
11/15/2017,24
11/15/2017,96
11/15/2017,96
11/15/2017,144
11/15/2017,48
11/15/2017,24
11/15/2017,24
11/15/2017,24
11/15/2017,48
11/15/2017,12
11/15/2017,264
11/15/2017,84
11/15/2017,24
11/16/2017,360
11/16/2017,660
11/16/2017,64
11/16/2017,96
11/16/2017,24
11/16/2017,1032
11/16/2017,180
11/16/2017,552
11/16/2017,168
11/17/2017,8
11/17/2017,2040
11/17/2017,96
11/17/2017,2496
11/17/2017,888
11/17/2017,264
11/17/2017,24
11/17/2017,24
11/17/2017,24
11/17/2017,48
11/17/2017,624
11/17/2017,36
11/17/2017,48
11/20/2017,900
11/20/2017,464
11/20/2017,368
11/20/2017,48
11/20/2017,30
11/20/2017,216
11/20/2017,1992
11/20/2017,5640
11/20/2017,1296
11/20/2017,192
11/20/2017,48
11/20/2017,60
11/20/2017,240
11/20/2017,24
11/20/2017,24
11/20/2017,48
11/20/2017,96
11/20/2017,48
11/20/2017,120
11/20/2017,24
11/20/2017,24
11/20/2017,1416
11/20/2017,60
11/20/2017,1464
11/21/2017,120
11/21/2017,16
11/21/2017,16
11/21/2017,24
11/21/2017,24
11/21/2017,48
11/21/2017,24
11/21/2017,384
11/21/2017,24
11/21/2017,264
11/21/2017,96
11/21/2017,180
11/21/2017,792
11/21/2017,624
11/21/2017,3048
11/21/2017,2136
11/21/2017,816
11/21/2017,48
11/22/2017,540
11/22/2017,72
11/22/2017,68
11/22/2017,288
11/22/2017,24
11/22/2017,936
11/22/2017,168
11/22/2017,168
11/22/2017,144
11/22/2017,144
11/22/2017,216
11/22/2017,12
11/22/2017,72
11/22/2017,96
11/22/2017,24
11/22/2017,24
11/22/2017,77
11/22/2017,14
11/22/2017,248
11/22/2017,1
11/22/2017,13
11/22/2017,19
11/22/2017,12
11/22/2017,22
11/22/2017,75
11/22/2017,24
11/22/2017,101
11/22/2017,12
11/22/2017,240
11/22/2017,96
11/22/2017,24
11/27/2017,540
11/27/2017,144
11/27/2017,60
11/27/2017,6
11/27/2017,372
11/27/2017,216
11/27/2017,120
11/27/2017,24
11/27/2017,48
11/27/2017,24
11/27/2017,480
11/27/2017,96
11/27/2017,4200
11/27/2017,36
11/27/2017,96
11/27/2017,48
11/27/2017,48
11/27/2017,84
11/27/2017,120
11/27/2017,24
11/27/2017,24
11/27/2017,144
11/27/2017,96
11/27/2017,1392
11/28/2017,1020
11/28/2017,660
11/28/2017,240
11/28/2017,684
11/28/2017,36
11/28/2017,48
11/28/2017,72
11/28/2017,492
11/28/2017,1080
11/29/2017,2100
11/29/2017,64
11/29/2017,1920
11/29/2017,320
11/29/2017,432
11/29/2017,18
11/29/2017,1692
11/29/2017,5016
11/29/2017,2472
11/29/2017,600
11/29/2017,552
11/29/2017,120
11/29/2017,360
11/29/2017,1104
11/29/2017,252
11/29/2017,24
11/29/2017,36
11/29/2017,48
11/29/2017,48
11/29/2017,24
11/29/2017,24
11/29/2017,384
11/29/2017,240
11/29/2017,528
11/29/2017,24
11/29/2017,456
11/29/2017,120
11/29/2017,24
11/30/2017,420
11/30/2017,16
11/30/2017,300
11/30/2017,32
11/30/2017,144
11/30/2017,12
11/30/2017,324
11/30/2017,96
11/30/2017,120
11/30/2017,24
11/30/2017,24
11/30/2017,132
11/30/2017,72
11/30/2017,696
11/30/2017,96
11/30/2017,36
11/30/2017,12
11/30/2017,48
11/30/2017,48
11/30/2017,96
11/30/2017,72
11/30/2017,24
11/30/2017,24
11/30/2017,168
11/30/2017,12
11/30/2017,24
11/30/2017,48
11/30/2017,36
11/30/2017,972
11/30/2017,192
11/30/2017,168
12/1/2017,360
12/1/2017,112
12/1/2017,24
12/1/2017,480
12/1/2017,1104
12/1/2017,24
12/1/2017,24
12/1/2017,36
12/1/2017,24
12/1/2017,504
12/4/2017,48
12/4/2017,60
12/4/2017,60
12/4/2017,24
12/4/2017,312
12/4/2017,24
12/4/2017,144
12/4/2017,96
12/4/2017,48
12/4/2017,24
12/4/2017,48
12/4/2017,72
12/4/2017,12
12/4/2017,168
12/4/2017,96
12/4/2017,312
12/5/2017,60
12/5/2017,48
12/5/2017,24
12/5/2017,28
12/5/2017,24
12/5/2017,672
12/5/2017,3552
12/5/2017,168
12/5/2017,24
12/5/2017,24
12/5/2017,492
12/5/2017,24
12/5/2017,192
12/5/2017,96
12/5/2017,24
12/5/2017,24
12/5/2017,24
12/5/2017,72
12/5/2017,120
12/5/2017,144
12/5/2017,72
12/5/2017,192
12/5/2017,60
12/5/2017,24
12/5/2017,24
12/5/2017,72
12/5/2017,432
12/5/2017,192
12/5/2017,1176
12/6/2017,3600
12/6/2017,112
12/6/2017,1680
12/6/2017,80
12/6/2017,288
12/6/2017,84
12/6/2017,672
12/6/2017,1109
12/6/2017,24
12/6/2017,3552
12/6/2017,12
12/6/2017,36
12/6/2017,132
12/6/2017,108
12/7/2017,60
12/7/2017,64
12/7/2017,240
12/7/2017,12
12/7/2017,5904
12/7/2017,360
12/7/2017,24
12/7/2017,240
12/7/2017,96
12/7/2017,960
12/7/2017,168
12/7/2017,24
12/7/2017,48
12/7/2017,12
12/7/2017,24
12/7/2017,24
12/7/2017,24
12/7/2017,24
12/7/2017,24
12/7/2017,600
12/7/2017,60
12/7/2017,72
12/8/2017,1112
12/8/2017,120
12/8/2017,608
12/8/2017,528
12/8/2017,96
12/8/2017,4776
12/8/2017,1104
12/8/2017,288
12/8/2017,72
12/8/2017,24
12/8/2017,72
12/8/2017,96
12/8/2017,60
12/8/2017,96
12/8/2017,480
12/8/2017,372
12/8/2017,24
12/8/2017,384
12/8/2017,96
12/8/2017,1320
12/8/2017,240
12/8/2017,432
12/11/2017,2460
12/11/2017,240
12/11/2017,24
12/12/2017,240
12/12/2017,56
12/12/2017,1236
12/12/2017,7920
12/12/2017,1056
12/12/2017,360
12/12/2017,96
12/12/2017,360
12/12/2017,120
12/12/2017,72
12/12/2017,72
12/12/2017,24
12/12/2017,48
12/12/2017,24
12/12/2017,12
12/12/2017,24
12/12/2017,48
12/12/2017,216
12/12/2017,408
12/12/2017,24
12/12/2017,264
12/12/2017,60
12/12/2017,96
12/12/2017,312
12/12/2017,36
12/12/2017,1248
12/13/2017,1080
12/13/2017,208
12/13/2017,1680
12/13/2017,32
12/13/2017,816
12/13/2017,72
12/13/2017,3180
12/13/2017,2136
12/13/2017,1224
12/13/2017,264
12/13/2017,888
12/13/2017,5664
12/13/2017,2160
12/13/2017,408
12/13/2017,4128
12/13/2017,24
12/13/2017,24
12/13/2017,12
12/13/2017,24
12/13/2017,48
12/13/2017,24
12/13/2017,720
12/13/2017,120
12/13/2017,144
12/13/2017,12
12/13/2017,24
12/13/2017,24
12/13/2017,912
12/13/2017,48
12/13/2017,192
12/14/2017,16
12/14/2017,48
12/14/2017,36
12/14/2017,5304
12/14/2017,24
12/14/2017,24
12/14/2017,48
12/14/2017,240
12/14/2017,24
12/14/2017,48
12/14/2017,468
12/14/2017,156
12/14/2017,12
12/14/2017,24
12/14/2017,24
12/14/2017,24
12/14/2017,12
12/15/2017,540
12/15/2017,144
12/15/2017,660
12/15/2017,136
12/15/2017,240
12/15/2017,18
12/15/2017,504
12/15/2017,26170
12/15/2017,72
12/15/2017,24
12/15/2017,2280
12/15/2017,132
12/15/2017,84
12/15/2017,192
12/15/2017,24
12/15/2017,84
12/15/2017,36
12/15/2017,24
12/15/2017,120
12/15/2017,24
12/15/2017,12
12/15/2017,120
12/15/2017,96
12/15/2017,24
12/15/2017,96
12/15/2017,72
12/15/2017,96
12/15/2017,12
12/15/2017,24
12/15/2017,36
12/15/2017,1488
12/15/2017,168
12/15/2017,288
12/18/2017,780
12/18/2017,48
12/18/2017,416
12/18/2017,96
12/18/2017,372
12/18/2017,1152
12/18/2017,144
12/18/2017,24
12/18/2017,144
12/18/2017,72
12/18/2017,48
12/18/2017,24
12/18/2017,24
12/18/2017,48
12/18/2017,24
12/18/2017,24
12/18/2017,36
12/18/2017,48
12/18/2017,12
12/18/2017,10224
12/18/2017,384
12/18/2017,8400
12/19/2017,600
12/19/2017,32
12/19/2017,240
12/19/2017,32
12/19/2017,408
12/19/2017,3696
12/19/2017,24
12/19/2017,528
12/19/2017,1224
12/19/2017,312
12/19/2017,60
12/19/2017,840
12/19/2017,456
12/19/2017,540
12/19/2017,72
12/19/2017,204
12/19/2017,72
12/19/2017,48
12/19/2017,48
12/19/2017,72
12/19/2017,24
12/19/2017,24
12/19/2017,24
12/19/2017,288
12/19/2017,72
12/19/2017,168
12/19/2017,672
12/19/2017,60
12/19/2017,24
12/19/2017,96
12/19/2017,144
12/19/2017,24
12/19/2017,4584
12/19/2017,204
12/19/2017,3864
12/20/2017,1500
12/20/2017,780
12/20/2017,192
12/20/2017,30
12/20/2017,6312
12/20/2017,7164
12/20/2017,1248
12/20/2017,894
12/20/2017,96
12/20/2017,24
12/20/2017,24
12/20/2017,336
12/20/2017,2904
12/20/2017,24
12/20/2017,24
12/20/2017,720
12/20/2017,36
12/21/2017,120
12/21/2017,16
12/21/2017,120
12/21/2017,80
12/21/2017,48
12/21/2017,42
12/21/2017,2304
12/21/2017,2088
12/21/2017,360
12/21/2017,96
12/21/2017,24
12/21/2017,72
12/21/2017,288
12/21/2017,72
12/21/2017,168
12/21/2017,48
12/21/2017,96
12/21/2017,96
12/21/2017,168
12/21/2017,72
12/21/2017,12
12/21/2017,24
12/21/2017,24
12/21/2017,144
12/21/2017,60
12/27/2017,2760
12/27/2017,104
12/27/2017,1980
12/27/2017,208
12/27/2017,888
12/27/2017,852
12/27/2017,684
12/27/2017,3480
12/27/2017,2484
12/27/2017,144
12/27/2017,72
12/27/2017,24
12/27/2017,72
12/27/2017,984
12/27/2017,396
12/27/2017,24
12/27/2017,2928
12/27/2017,24
12/27/2017,24
12/27/2017,72
12/27/2017,24
12/27/2017,384
12/27/2017,48
12/27/2017,96
12/27/2017,120
12/27/2017,96
12/27/2017,12
12/27/2017,12
12/27/2017,48
12/27/2017,96
12/27/2017,24
12/27/2017,48
12/27/2017,2256
12/27/2017,588
12/27/2017,7920
12/28/2017,240
12/28/2017,48
12/28/2017,60
12/28/2017,16
12/28/2017,132
12/28/2017,24
12/28/2017,960
12/28/2017,9612
12/28/2017,12
12/28/2017,444
12/28/2017,72
12/28/2017,96
12/28/2017,120
12/28/2017,10
12/28/2017,192
12/28/2017,84
12/28/2017,96
12/28/2017,144
12/28/2017,168
12/28/2017,120
12/28/2017,36
12/28/2017,96
12/28/2017,36
12/28/2017,12
12/28/2017,48
12/28/2017,48
12/28/2017,120
12/28/2017,96
12/28/2017,24
12/28/2017,48
12/28/2017,24
12/28/2017,504
12/28/2017,156
12/28/2017,108
12/29/2017,60
12/29/2017,304
12/29/2017,60
12/29/2017,120
12/29/2017,144
12/29/2017,24
12/29/2017,24
12/29/2017,936
12/29/2017,72
12/29/2017,24
12/29/2017,24
12/29/2017,24
12/29/2017,48
12/29/2017,96
12/29/2017,48
12/29/2017,168
12/29/2017,72
12/29/2017,24
12/29/2017,696
12/29/2017,36
12/29/2017,24
